customer_id,product_id,order_id,city,state,date,product_category,sales,quantity_sold,Quarter,,,,
621,4,1,Houston,Texas,6/26/2024,Furniture,186,9,Q1,,,,
641,12,2,Houston,Texas,01-04-2024,Toys,154,7,Q1,,,,
359,3,3,San Antonio,Texas,7/31/2024,Furniture,903,2,Q4,,,,
38,18,4,Chicago,Illinois,4/16/2024,Clothing,680,2,Q4,,,,
311,18,5,Los Angeles,California,7/14/2024,Clothing,870,8,Q3,,,,
325,10,6,San Antonio,Texas,03-01-2024,Toys,382,8,Q3,,,,
356,15,7,Los Angeles,California,04-07-2024,Books,134,7,Q3,,,,
450,13,8,Philadelphia,Pennsylvania,2/14/2024,Toys,631,2,Q1,,,,
653,6,9,San Diego,California,10/28/2024,Furniture,431,1,Q2,,,,
616,13,10,Phoenix,Arizona,12/16/2024,Furniture,865,3,Q3,,,,
606,1,11,New York,New York,10-03-2024,Furniture,827,9,Q3,,,,
514,18,12,Los Angeles,California,4/26/2024,Electronics,618,5,Q1,,,,
279,17,13,San Jose,California,6/22/2024,Electronics,157,2,Q1,,,,
634,6,14,San Jose,California,05-05-2024,Clothing,135,2,Q2,,,,
131,18,15,Dallas,Texas,11/19/2024,Clothing,884,4,Q4,,,,
124,9,16,San Jose,California,02-07-2024,Toys,587,4,Q4,,,,
523,11,17,Chicago,Illinois,3/25/2024,Books,669,10,Q2,,,,
192,13,18,Philadelphia,Pennsylvania,7/31/2024,Clothing,589,3,Q4,,,,
500,4,19,Los Angeles,California,07-05-2024,Books,785,9,Q2,,,,
46,20,20,Phoenix,Arizona,9/23/2024,Clothing,897,7,Q2,,,,
227,8,21,Phoenix,Arizona,12/23/2024,Furniture,903,4,Q4,,,,
180,12,22,San Jose,California,3/28/2024,Electronics,452,3,Q2,,,,
673,16,23,San Jose,California,5/15/2024,Toys,390,6,Q4,,,,
450,6,24,San Jose,California,6/24/2024,Clothing,415,4,Q1,,,,
392,18,25,Dallas,Texas,5/26/2024,Toys,148,3,Q1,,,,
425,14,26,San Diego,California,2/26/2024,Clothing,664,1,Q3,,,,
182,10,27,Los Angeles,California,06-11-2024,Clothing,183,6,Q3,,,,
97,14,28,Houston,Texas,10-07-2024,Electronics,313,4,Q3,,,,
431,9,29,San Antonio,Texas,07-04-2024,Toys,101,2,Q2,,,,
377,10,30,San Jose,California,01-09-2024,Toys,444,5,Q1,,,,
322,12,31,Dallas,Texas,6/15/2024,Furniture,410,7,Q4,,,,
393,18,32,Dallas,Texas,9/21/2024,Toys,720,10,Q2,,,,
551,2,33,New York,New York,4/27/2024,Books,572,3,Q2,,,,
596,8,34,Phoenix,Arizona,12-02-2024,Electronics,855,4,Q2,,,,
81,3,35,Los Angeles,California,5/31/2024,Furniture,827,3,Q2,,,,
185,15,36,Houston,Texas,06-08-2024,Electronics,477,9,Q3,,,,
287,9,37,Chicago,Illinois,9/29/2024,Clothing,478,5,Q3,,,,
35,9,38,Philadelphia,Pennsylvania,10/14/2024,Toys,690,3,Q4,,,,
119,4,39,Phoenix,Arizona,02-11-2024,Furniture,766,10,Q1,,,,
676,3,40,Chicago,Illinois,6/26/2024,Electronics,218,10,Q1,,,,
283,9,41,New York,New York,05-02-2024,Furniture,667,3,Q2,,,,
300,14,42,Los Angeles,California,8/18/2024,Toys,174,1,Q3,,,,
289,9,43,San Diego,California,06-07-2024,Books,450,4,Q2,,,,
641,12,44,San Diego,California,11/25/2024,Clothing,126,1,Q1,,,,
127,2,45,Chicago,Illinois,7/14/2024,Electronics,487,1,Q3,,,,
21,17,46,San Diego,California,1/29/2024,Toys,812,1,Q3,,,,
247,19,47,San Antonio,Texas,3/24/2024,Toys,295,7,Q1,,,,
666,15,48,Philadelphia,Pennsylvania,04-03-2024,Toys,853,5,Q3,,,,
332,16,49,Chicago,Illinois,4/17/2024,Furniture,312,8,Q4,,,,
227,3,50,Houston,Texas,05-09-2024,Books,844,10,Q3,,,,
228,11,51,San Diego,California,9/28/2024,Clothing,192,9,Q3,,,,
688,9,52,Chicago,Illinois,12/22/2024,Toys,284,3,Q4,,,,
244,6,53,New York,New York,02-12-2024,Electronics,615,8,Q1,,,,
581,4,54,San Antonio,Texas,7/28/2024,Books,591,1,Q4,,,,
470,16,55,Houston,Texas,12/16/2024,Clothing,408,8,Q3,,,,
18,20,56,Houston,Texas,10-09-2024,Toys,608,8,Q4,,,,
443,4,57,Houston,Texas,1/29/2024,Furniture,251,10,Q3,,,,
237,14,58,San Jose,California,11/13/2024,Toys,471,2,Q4,,,,
281,4,59,San Diego,California,8/17/2024,Furniture,393,8,Q2,,,,
675,9,60,Chicago,Illinois,06-09-2024,Furniture,104,7,Q3,,,,
111,18,61,San Jose,California,2/26/2024,Furniture,805,7,Q2,,,,
557,4,62,San Jose,California,10-09-2024,Furniture,853,3,Q4,,,,
544,1,63,San Jose,California,11/23/2024,Clothing,779,2,Q1,,,,
3,7,64,New York,New York,03-11-2024,Electronics,472,6,Q4,,,,
106,11,65,Philadelphia,Pennsylvania,11-01-2024,Clothing,172,6,Q2,,,,
430,17,66,Philadelphia,Pennsylvania,1/24/2024,Furniture,847,2,Q2,,,,
25,1,67,Philadelphia,Pennsylvania,07-04-2024,Electronics,286,2,Q2,,,,
411,10,68,Houston,Texas,6/29/2024,Books,197,7,Q1,,,,
555,9,69,Houston,Texas,12-04-2024,Toys,811,9,Q2,,,,
295,3,70,San Jose,California,03-06-2024,Furniture,868,10,Q3,,,,
68,18,71,San Diego,California,10-03-2024,Furniture,894,7,Q3,,,,
103,13,72,San Antonio,Texas,9/17/2024,Clothing,927,7,Q1,,,,
574,13,73,San Jose,California,06-04-2024,Toys,419,9,Q2,,,,
235,19,74,San Diego,California,01-07-2024,Clothing,104,4,Q1,,,,
93,16,75,San Antonio,Texas,11/29/2024,Books,138,1,Q1,,,,
396,15,76,Houston,Texas,07-11-2024,Electronics,863,7,Q3,,,,
171,7,77,Dallas,Texas,10/23/2024,Electronics,897,8,Q1,,,,
431,4,78,Chicago,Illinois,12-09-2024,Furniture,166,7,Q2,,,,
276,8,79,San Antonio,Texas,05-02-2024,Clothing,434,5,Q2,,,,
356,10,80,San Jose,California,02-02-2024,Books,596,5,Q4,,,,
541,2,81,Los Angeles,California,5/19/2024,Books,568,6,Q4,,,,
679,6,82,Dallas,Texas,6/28/2024,Toys,688,7,Q1,,,,
405,8,83,Los Angeles,California,5/29/2024,Electronics,185,10,Q1,,,,
207,7,84,Philadelphia,Pennsylvania,8/18/2024,Books,346,7,Q2,,,,
373,15,85,Phoenix,Arizona,8/31/2024,Clothing,680,4,Q4,,,,
599,10,86,Dallas,Texas,11/27/2024,Toys,941,9,Q1,,,,
482,4,87,Phoenix,Arizona,11-01-2024,Toys,122,3,Q2,,,,
210,2,88,San Jose,California,10/28/2024,Electronics,109,6,Q2,,,,
282,13,89,Chicago,Illinois,4/19/2024,Books,157,8,Q1,,,,
350,9,90,Phoenix,Arizona,12/21/2024,Books,378,8,Q4,,,,
80,20,91,San Jose,California,5/17/2024,Books,596,1,Q4,,,,
143,5,92,San Antonio,Texas,10/30/2024,Electronics,973,5,Q2,,,,
484,4,93,Houston,Texas,12-02-2024,Books,289,3,Q1,,,,
459,5,94,Philadelphia,Pennsylvania,4/26/2024,Clothing,661,7,Q1,,,,
490,17,95,New York,New York,10/16/2024,Furniture,322,7,Q1,,,,
662,5,96,San Diego,California,8/21/2024,Electronics,837,4,Q3,,,,
602,10,97,New York,New York,08-09-2024,Toys,691,6,Q1,,,,
354,15,98,Phoenix,Arizona,05-08-2024,Furniture,927,9,Q3,,,,
86,20,99,San Jose,California,05-01-2024,Toys,783,6,Q2,,,,
283,7,100,Phoenix,Arizona,04-02-2024,Toys,356,10,Q3,,,,
348,13,101,San Antonio,Texas,2/20/2024,Toys,236,5,Q2,,,,
65,2,102,Chicago,Illinois,1/19/2024,Clothing,582,3,Q2,,,,
32,4,103,San Antonio,Texas,11/18/2024,Toys,176,9,Q4,,,,
349,18,104,Philadelphia,Pennsylvania,12-04-2024,Furniture,929,2,Q2,,,,
32,11,105,Phoenix,Arizona,01-03-2024,Clothing,312,8,Q1,,,,
139,13,106,San Antonio,Texas,11/30/2024,Toys,253,1,Q1,,,,
386,18,107,San Jose,California,11/14/2024,Furniture,262,6,Q4,,,,
180,9,108,Chicago,Illinois,04-09-2024,Clothing,452,7,Q3,,,,
564,3,109,Dallas,Texas,7/27/2024,Books,132,4,Q4,,,,
177,16,110,Los Angeles,California,12-12-2024,Clothing,655,4,Q2,,,,
309,10,111,Houston,Texas,9/28/2024,Toys,661,4,Q3,,,,
621,2,112,Dallas,Texas,01-04-2024,Clothing,186,1,Q1,,,,
108,12,113,Houston,Texas,11/21/2024,Toys,528,6,Q1,,,,
676,19,114,Chicago,Illinois,7/13/2024,Electronics,697,6,Q3,,,,
161,20,115,Phoenix,Arizona,02-10-2024,Electronics,943,8,Q1,,,,
394,14,116,Los Angeles,California,05-11-2024,Books,325,1,Q3,,,,
248,10,117,San Diego,California,3/22/2024,Books,870,10,Q1,,,,
55,11,118,San Jose,California,1/13/2024,Clothing,283,3,Q2,,,,
366,19,119,Dallas,Texas,9/25/2024,Furniture,904,6,Q2,,,,
678,17,120,Houston,Texas,11/22/2024,Furniture,278,10,Q1,,,,
362,10,121,Los Angeles,California,3/31/2024,Books,797,10,Q2,,,,
46,5,122,Los Angeles,California,09-02-2024,Furniture,660,5,Q4,,,,
85,15,123,Los Angeles,California,2/26/2024,Clothing,951,7,Q2,,,,
174,12,124,Houston,Texas,10-11-2024,Books,352,9,Q4,,,,
422,19,125,San Diego,California,6/20/2024,Furniture,655,2,Q4,,,,
615,2,126,Philadelphia,Pennsylvania,01-01-2024,Furniture,581,9,Q1,,,,
410,3,127,San Diego,California,3/29/2024,Toys,651,7,Q2,,,,
131,13,128,Los Angeles,California,1/24/2024,Furniture,741,2,Q2,,,,
399,6,129,San Diego,California,03-02-2024,Toys,951,4,Q3,,,,
533,16,130,Los Angeles,California,01-02-2024,Toys,962,9,Q1,,,,
455,15,131,Los Angeles,California,6/15/2024,Electronics,520,6,Q4,,,,
614,14,132,Philadelphia,Pennsylvania,8/19/2024,Furniture,780,8,Q3,,,,
322,15,133,San Jose,California,7/15/2024,Clothing,109,3,Q3,,,,
489,12,134,San Jose,California,4/26/2024,Toys,595,7,Q1,,,,
248,14,135,Chicago,Illinois,3/29/2024,Toys,765,8,Q2,,,,
25,16,136,Houston,Texas,06-08-2024,Electronics,684,5,Q3,,,,
337,15,137,Phoenix,Arizona,07-02-2024,Books,565,5,Q2,,,,
519,8,138,Philadelphia,Pennsylvania,10/30/2024,Toys,755,6,Q2,,,,
351,11,139,Dallas,Texas,8/14/2024,Books,654,8,Q2,,,,
383,1,140,Houston,Texas,03-07-2024,Electronics,964,6,Q3,,,,
418,4,141,San Diego,California,12/26/2024,Furniture,851,4,Q4,,,,
201,19,142,Philadelphia,Pennsylvania,2/17/2024,Furniture,145,6,Q2,,,,
455,15,143,Phoenix,Arizona,12-06-2024,Books,776,1,Q2,,,,
40,14,144,Dallas,Texas,3/16/2024,Books,442,10,Q4,,,,
152,2,145,Philadelphia,Pennsylvania,12/20/2024,Books,644,5,Q4,,,,
21,1,146,San Antonio,Texas,08-03-2024,Books,927,2,Q1,,,,
94,20,147,Philadelphia,Pennsylvania,11-09-2024,Furniture,528,1,Q3,,,,
321,17,148,Chicago,Illinois,4/19/2024,Toys,419,8,Q1,,,,
69,9,149,Los Angeles,California,07-01-2024,Toys,950,7,Q2,,,,
218,16,150,Phoenix,Arizona,07-10-2024,Toys,736,2,Q3,,,,
363,20,151,San Diego,California,9/21/2024,Clothing,571,7,Q2,,,,
261,16,152,San Jose,California,7/20/2024,Books,839,9,Q3,,,,
685,7,153,San Jose,California,07-04-2024,Clothing,740,2,Q2,,,,
534,4,154,Philadelphia,Pennsylvania,07-08-2024,Furniture,190,5,Q2,,,,
116,18,155,Phoenix,Arizona,4/22/2024,Books,741,3,Q1,,,,
188,16,156,Houston,Texas,4/20/2024,Toys,536,5,Q1,,,,
676,13,157,Philadelphia,Pennsylvania,4/23/2024,Furniture,949,1,Q1,,,,
91,4,158,San Jose,California,2/29/2024,Electronics,267,10,Q3,,,,
630,12,159,Chicago,Illinois,09-12-2024,Electronics,535,9,Q1,,,,
473,17,160,San Antonio,Texas,08-09-2024,Books,854,3,Q1,,,,
24,18,161,Philadelphia,Pennsylvania,12/19/2024,Books,227,6,Q4,,,,
112,15,162,San Jose,California,1/21/2024,Toys,110,3,Q2,,,,
489,11,163,San Jose,California,12/22/2024,Furniture,781,7,Q4,,,,
512,3,164,San Diego,California,12/15/2024,Furniture,458,3,Q3,,,,
521,12,165,Los Angeles,California,04-11-2024,Furniture,189,3,Q4,,,,
615,12,166,San Antonio,Texas,1/29/2024,Toys,736,3,Q4,,,,
411,14,167,Phoenix,Arizona,10-05-2024,Toys,430,10,Q3,,,,
205,4,168,San Antonio,Texas,11/18/2024,Clothing,185,10,Q4,,,,
659,4,169,San Antonio,Texas,12-04-2024,Electronics,288,6,Q2,,,,
226,15,170,San Jose,California,6/14/2024,Clothing,802,5,Q3,,,,
22,9,171,Houston,Texas,06-04-2024,Furniture,311,1,Q2,,,,
546,19,172,San Diego,California,10/29/2024,Toys,255,8,Q2,,,,
16,12,173,Phoenix,Arizona,1/28/2024,Toys,989,2,Q3,,,,
342,11,174,Los Angeles,California,11/28/2024,Books,291,2,Q1,,,,
431,20,175,Houston,Texas,7/31/2024,Toys,528,9,Q4,,,,
100,8,176,Los Angeles,California,11/23/2024,Clothing,143,9,Q1,,,,
146,19,177,Los Angeles,California,12/17/2024,Clothing,127,3,Q3,,,,
262,15,178,San Jose,California,10/26/2024,Furniture,873,5,Q2,,,,
399,1,179,San Antonio,Texas,4/21/2024,Furniture,170,10,Q1,,,,
383,3,180,Los Angeles,California,06-06-2024,Electronics,962,5,Q2,,,,
601,7,181,San Antonio,Texas,6/18/2024,Books,609,6,Q4,,,,
204,15,182,Los Angeles,California,04-05-2024,Books,690,3,Q3,,,,
118,6,183,Dallas,Texas,9/19/2024,Furniture,422,2,Q2,,,,
684,10,184,San Jose,California,6/28/2024,Furniture,799,9,Q1,,,,
678,15,185,New York,New York,5/17/2024,Furniture,128,4,Q4,,,,
643,1,186,Chicago,Illinois,11-03-2024,Electronics,200,10,Q3,,,,
188,4,187,New York,New York,8/18/2024,Furniture,737,5,Q2,,,,
584,1,188,Dallas,Texas,8/17/2024,Furniture,767,6,Q2,,,,
434,6,189,Phoenix,Arizona,3/20/2024,Furniture,642,2,Q1,,,,
336,12,190,Houston,Texas,8/14/2024,Books,232,5,Q2,,,,
360,11,191,New York,New York,2/29/2024,Furniture,963,6,Q3,,,,
160,13,192,San Diego,California,12/17/2024,Furniture,470,8,Q3,,,,
277,3,193,Philadelphia,Pennsylvania,2/26/2024,Books,750,7,Q2,,,,
211,13,194,Houston,Texas,02-12-2024,Books,147,5,Q1,,,,
239,7,195,Los Angeles,California,7/19/2024,Electronics,224,8,Q3,,,,
623,9,196,Phoenix,Arizona,10/29/2024,Clothing,908,7,Q2,,,,
75,15,197,San Diego,California,7/29/2024,Books,668,1,Q4,,,,
260,17,198,Dallas,Texas,6/30/2024,Clothing,130,5,Q1,,,,
289,13,199,Phoenix,Arizona,05-03-2024,Toys,897,7,Q2,,,,
342,20,200,San Diego,California,4/22/2024,Books,533,6,Q1,,,,
399,3,201,San Diego,California,10-02-2024,Toys,554,2,Q3,,,,
466,19,202,San Antonio,Texas,9/14/2024,Books,997,8,Q1,,,,
225,8,203,Dallas,Texas,1/29/2024,Furniture,231,5,Q3,,,,
40,20,204,San Antonio,Texas,1/25/2024,Clothing,693,10,Q3,,,,
132,4,205,San Antonio,Texas,5/25/2024,Furniture,436,3,Q1,,,,
398,15,206,San Antonio,Texas,2/20/2024,Clothing,519,9,Q2,,,,
293,8,207,New York,New York,12/23/2024,Electronics,896,1,Q4,,,,
662,10,208,San Jose,California,4/28/2024,Clothing,243,9,Q2,,,,
286,10,209,Houston,Texas,04-08-2024,Toys,439,8,Q3,,,,
1,10,210,New York,New York,03-08-2024,Toys,710,7,Q4,,,,
459,11,211,Dallas,Texas,4/30/2024,Books,339,3,Q2,,,,
439,14,212,San Jose,California,10-10-2024,Books,724,2,Q4,,,,
311,8,213,New York,New York,10-09-2024,Clothing,856,7,Q4,,,,
553,15,214,Los Angeles,California,4/18/2024,Toys,612,2,Q4,,,,
212,4,215,New York,New York,11/30/2024,Clothing,216,9,Q1,,,,
661,18,216,Phoenix,Arizona,11-03-2024,Furniture,531,1,Q3,,,,
391,4,217,Chicago,Illinois,04-10-2024,Electronics,416,8,Q4,,,,
288,18,218,Houston,Texas,3/23/2024,Clothing,729,3,Q1,,,,
362,18,219,New York,New York,9/21/2024,Electronics,168,8,Q2,,,,
544,19,220,Dallas,Texas,07-04-2024,Toys,242,10,Q2,,,,
417,18,221,San Jose,California,5/20/2024,Clothing,917,9,Q4,,,,
341,5,222,San Jose,California,01-01-2024,Electronics,605,4,Q1,,,,
625,15,223,Chicago,Illinois,5/25/2024,Clothing,888,1,Q1,,,,
119,4,224,San Diego,California,05-09-2024,Electronics,217,3,Q3,,,,
22,17,225,San Diego,California,3/25/2024,Books,196,8,Q2,,,,
475,16,226,San Jose,California,11-12-2024,Furniture,924,2,Q3,,,,
229,8,227,Los Angeles,California,2/13/2024,Furniture,933,9,Q1,,,,
530,4,228,Houston,Texas,8/26/2024,Clothing,717,2,Q3,,,,
601,14,229,San Diego,California,12-09-2024,Books,417,1,Q2,,,,
220,2,230,Los Angeles,California,9/27/2024,Furniture,488,6,Q3,,,,
132,11,231,San Diego,California,08-07-2024,Clothing,961,2,Q1,,,,
28,8,232,New York,New York,2/23/2024,Furniture,432,6,Q2,,,,
295,4,233,New York,New York,11-06-2024,Books,753,3,Q3,,,,
278,10,234,San Diego,California,8/26/2024,Furniture,382,6,Q3,,,,
659,7,235,New York,New York,1/23/2024,Toys,993,5,Q2,,,,
38,3,236,San Antonio,Texas,4/16/2024,Electronics,233,8,Q4,,,,
17,10,237,San Diego,California,09-04-2024,Electronics,729,8,Q4,,,,
576,3,238,San Diego,California,2/21/2024,Books,291,4,Q2,,,,
79,9,239,New York,New York,3/17/2024,Toys,735,6,Q1,,,,
378,17,240,Phoenix,Arizona,11-03-2024,Electronics,379,5,Q2,,,,
6,12,241,Dallas,Texas,06-09-2024,Books,592,2,Q3,,,,
236,18,242,San Diego,California,03-01-2024,Clothing,557,5,Q3,,,,
161,10,243,Chicago,Illinois,2/16/2024,Furniture,668,4,Q1,,,,
513,10,244,San Jose,California,10/24/2024,Electronics,591,2,Q1,,,,
588,12,245,Houston,Texas,1/25/2024,Furniture,296,2,Q3,,,,
300,5,246,Dallas,Texas,10/31/2024,Toys,692,2,Q2,,,,
222,10,247,Los Angeles,California,6/29/2024,Books,646,6,Q1,,,,
484,18,248,New York,New York,1/30/2024,Clothing,754,9,Q4,,,,
279,12,249,San Antonio,Texas,03-05-2024,Books,574,6,Q3,,,,
670,8,250,San Jose,California,3/19/2024,Clothing,728,9,Q1,,,,
668,10,251,San Diego,California,01-09-2024,Toys,888,1,Q1,,,,
579,17,252,San Diego,California,3/29/2024,Toys,585,2,Q2,,,,
12,19,253,Los Angeles,California,02-02-2024,Books,737,2,Q4,,,,
38,19,254,San Jose,California,9/23/2024,Books,612,7,Q2,,,,
241,12,255,San Diego,California,10/24/2024,Books,499,9,Q1,,,,
217,19,256,Chicago,Illinois,3/18/2024,Books,111,6,Q1,,,,
281,3,257,Phoenix,Arizona,7/22/2024,Clothing,404,7,Q4,,,,
44,11,258,Phoenix,Arizona,04-02-2024,Books,407,3,Q3,,,,
130,11,259,San Antonio,Texas,5/14/2024,Toys,673,2,Q4,,,,
656,4,260,Philadelphia,Pennsylvania,3/24/2024,Electronics,678,3,Q1,,,,
511,2,261,New York,New York,2/14/2024,Electronics,212,3,Q1,,,,
439,11,262,Philadelphia,Pennsylvania,09-11-2024,Furniture,279,7,Q1,,,,
229,11,263,Chicago,Illinois,11/16/2024,Toys,306,8,Q4,,,,
276,7,264,Houston,Texas,1/13/2024,Furniture,396,6,Q2,,,,
190,8,265,Dallas,Texas,05-09-2024,Toys,464,9,Q3,,,,
171,19,266,San Antonio,Texas,05-09-2024,Electronics,957,1,Q3,,,,
381,19,267,Los Angeles,California,3/13/2024,Furniture,361,4,Q4,,,,
57,14,268,Los Angeles,California,12-10-2024,Books,526,7,Q2,,,,
63,4,269,Los Angeles,California,5/27/2024,Books,765,1,Q1,,,,
219,10,270,Phoenix,Arizona,03-11-2024,Books,918,10,Q4,,,,
535,3,271,San Diego,California,04-05-2024,Clothing,551,1,Q3,,,,
421,5,272,Phoenix,Arizona,12/30/2024,Furniture,788,4,Q4,,,,
247,11,273,San Diego,California,11/29/2024,Furniture,435,7,Q1,,,,
146,8,274,San Jose,California,9/24/2024,Clothing,187,2,Q2,,,,
318,19,275,San Jose,California,10-06-2024,Furniture,901,2,Q3,,,,
124,18,276,Dallas,Texas,10/29/2024,Furniture,123,6,Q2,,,,
93,17,277,Dallas,Texas,05-07-2024,Clothing,296,5,Q2,,,,
620,13,278,Los Angeles,California,1/28/2024,Clothing,105,4,Q3,,,,
586,13,279,Chicago,Illinois,08-01-2024,Toys,671,6,Q4,,,,
6,16,280,Dallas,Texas,6/20/2024,Electronics,524,7,Q4,,,,
514,1,281,New York,New York,8/31/2024,Toys,923,4,Q4,,,,
241,18,282,San Diego,California,05-05-2024,Toys,873,10,Q2,,,,
596,16,283,San Jose,California,10/30/2024,Books,893,1,Q2,,,,
240,12,284,San Jose,California,6/18/2024,Electronics,192,6,Q4,,,,
422,10,285,Houston,Texas,10/21/2024,Furniture,133,10,Q1,,,,
655,8,286,San Antonio,Texas,9/22/2024,Electronics,963,3,Q2,,,,
394,5,287,New York,New York,5/29/2024,Electronics,576,8,Q1,,,,
544,2,288,Dallas,Texas,9/30/2024,Electronics,177,1,Q3,,,,
527,18,289,Dallas,Texas,9/25/2024,Clothing,616,4,Q3,,,,
33,16,290,Chicago,Illinois,04-08-2024,Electronics,330,8,Q3,,,,
639,14,291,San Antonio,Texas,04-08-2024,Books,827,5,Q3,,,,
659,7,292,Chicago,Illinois,2/20/2024,Furniture,503,4,Q2,,,,
551,12,293,Houston,Texas,09-01-2024,Electronics,525,2,Q4,,,,
559,5,294,Chicago,Illinois,11/18/2024,Furniture,388,1,Q4,,,,
660,11,295,Los Angeles,California,10/27/2024,Toys,869,2,Q2,,,,
424,4,296,Houston,Texas,10/24/2024,Clothing,351,7,Q1,,,,
592,4,297,Dallas,Texas,10/22/2024,Electronics,771,4,Q1,,,,
232,5,298,Dallas,Texas,2/26/2024,Toys,872,5,Q2,,,,
114,8,299,Houston,Texas,6/13/2024,Electronics,618,4,Q3,,,,
502,16,300,Los Angeles,California,12-05-2024,Electronics,327,7,Q2,,,,
677,2,301,New York,New York,2/18/2024,Furniture,223,7,Q2,,,,
199,10,302,Dallas,Texas,3/28/2024,Furniture,635,9,Q2,,,,
621,6,303,San Jose,California,4/20/2024,Books,333,6,Q1,,,,
444,20,304,San Jose,California,09-02-2024,Electronics,606,3,Q4,,,,
81,5,305,Houston,Texas,2/13/2024,Electronics,206,4,Q1,,,,
76,12,306,Chicago,Illinois,10/20/2024,Toys,767,7,Q1,,,,
603,13,307,Los Angeles,California,05-11-2024,Clothing,806,7,Q3,,,,
551,7,308,San Jose,California,5/21/2024,Electronics,433,5,Q1,,,,
186,11,309,Phoenix,Arizona,08-10-2024,Toys,748,8,Q1,,,,
95,20,310,Los Angeles,California,01-05-2024,Furniture,359,8,Q1,,,,
141,11,311,Houston,Texas,9/30/2024,Furniture,270,8,Q3,,,,
380,16,312,Houston,Texas,5/28/2024,Clothing,591,4,Q1,,,,
226,5,313,San Diego,California,10-12-2024,Electronics,320,7,Q4,,,,
472,12,314,Dallas,Texas,02-03-2024,Clothing,327,6,Q4,,,,
376,10,315,San Antonio,Texas,06-10-2024,Furniture,719,3,Q3,,,,
181,11,316,Dallas,Texas,12/13/2024,Clothing,264,9,Q3,,,,
504,16,317,Chicago,Illinois,12/25/2024,Furniture,609,10,Q4,,,,
109,18,318,Houston,Texas,1/30/2024,Clothing,429,8,Q4,,,,
18,10,319,Houston,Texas,09-01-2024,Toys,899,2,Q4,,,,
433,8,320,Chicago,Illinois,10/24/2024,Furniture,521,9,Q1,,,,
334,8,321,San Jose,California,7/23/2024,Electronics,259,6,Q4,,,,
404,10,322,Houston,Texas,9/14/2024,Clothing,508,6,Q1,,,,
250,20,323,Chicago,Illinois,12/14/2024,Furniture,638,10,Q3,,,,
642,1,324,Phoenix,Arizona,8/20/2024,Electronics,296,6,Q3,,,,
591,18,325,Chicago,Illinois,7/16/2024,Clothing,574,10,Q3,,,,
13,11,326,San Antonio,Texas,9/24/2024,Clothing,840,3,Q2,,,,
67,10,327,San Jose,California,2/17/2024,Electronics,296,10,Q2,,,,
446,6,328,San Diego,California,3/24/2024,Clothing,965,2,Q1,,,,
34,1,329,San Diego,California,6/13/2024,Clothing,857,9,Q3,,,,
253,7,330,Philadelphia,Pennsylvania,11/25/2024,Clothing,670,8,Q1,,,,
371,3,331,Phoenix,Arizona,2/23/2024,Books,169,6,Q2,,,,
189,1,332,New York,New York,9/22/2024,Toys,184,6,Q2,,,,
408,10,333,New York,New York,11/24/2024,Clothing,870,5,Q1,,,,
364,15,334,San Diego,California,5/22/2024,Books,328,1,Q1,,,,
1,3,335,Phoenix,Arizona,09-09-2024,Clothing,755,2,Q1,,,,
455,13,336,Philadelphia,Pennsylvania,8/25/2024,Clothing,464,3,Q3,,,,
260,12,337,Dallas,Texas,1/31/2024,Clothing,976,4,Q4,,,,
276,19,338,Philadelphia,Pennsylvania,12-09-2024,Electronics,248,3,Q2,,,,
46,18,339,San Diego,California,05-09-2024,Books,210,4,Q3,,,,
50,18,340,Los Angeles,California,9/27/2024,Clothing,446,6,Q3,,,,
152,20,341,Houston,Texas,01-05-2024,Books,529,8,Q1,,,,
206,6,342,San Jose,California,03-12-2024,Electronics,266,4,Q4,,,,
306,9,343,Dallas,Texas,08-11-2024,Clothing,123,7,Q2,,,,
75,11,344,San Diego,California,11/17/2024,Toys,796,9,Q4,,,,
193,14,345,San Diego,California,11-08-2024,Furniture,641,4,Q3,,,,
152,3,346,Los Angeles,California,10-09-2024,Clothing,402,7,Q4,,,,
315,15,347,New York,New York,10/31/2024,Electronics,970,9,Q2,,,,
505,18,348,New York,New York,7/26/2024,Toys,290,7,Q4,,,,
354,11,349,Chicago,Illinois,09-03-2024,Books,348,3,Q4,,,,
558,4,350,San Diego,California,2/19/2024,Books,623,1,Q2,,,,
665,16,351,Philadelphia,Pennsylvania,8/25/2024,Clothing,717,7,Q3,,,,
581,9,352,Chicago,Illinois,2/16/2024,Electronics,379,4,Q1,,,,
542,10,353,Los Angeles,California,03-02-2024,Furniture,592,6,Q3,,,,
83,18,354,San Jose,California,2/13/2024,Clothing,751,2,Q1,,,,
6,17,355,San Jose,California,09-09-2024,Clothing,369,8,Q1,,,,
492,3,356,San Antonio,Texas,3/27/2024,Furniture,159,7,Q2,,,,
1,17,357,San Jose,California,04-12-2024,Furniture,924,5,Q4,,,,
624,4,358,Los Angeles,California,11/20/2024,Electronics,404,5,Q4,,,,
655,6,359,Los Angeles,California,1/30/2024,Furniture,338,8,Q4,,,,
223,4,360,Los Angeles,California,05-02-2024,Toys,235,6,Q2,,,,
221,14,361,San Diego,California,3/21/2024,Clothing,335,6,Q1,,,,
395,2,362,New York,New York,08-03-2024,Electronics,229,1,Q1,,,,
567,18,363,Philadelphia,Pennsylvania,04-01-2024,Electronics,973,1,Q2,,,,
304,18,364,New York,New York,08-01-2024,Toys,657,2,Q4,,,,
245,12,365,San Diego,California,2/23/2024,Toys,834,1,Q2,,,,
96,11,366,Chicago,Illinois,12/14/2024,Furniture,162,10,Q3,,,,
283,10,367,Dallas,Texas,8/15/2024,Books,568,6,Q2,,,,
231,7,368,Phoenix,Arizona,1/13/2024,Toys,832,4,Q2,,,,
637,1,369,San Jose,California,07-02-2024,Electronics,362,3,Q2,,,,
660,10,370,San Jose,California,11-02-2024,Books,135,9,Q2,,,,
33,18,371,Houston,Texas,4/16/2024,Electronics,919,6,Q4,,,,
145,12,372,Philadelphia,Pennsylvania,9/23/2024,Furniture,515,3,Q2,,,,
297,16,373,San Diego,California,05-05-2024,Furniture,751,10,Q2,,,,
665,16,374,Dallas,Texas,03-04-2024,Clothing,180,7,Q3,,,,
31,2,375,Phoenix,Arizona,05-11-2024,Toys,471,1,Q3,,,,
630,4,376,Chicago,Illinois,09-04-2024,Clothing,266,5,Q4,,,,
120,19,377,Houston,Texas,2/25/2024,Toys,598,9,Q2,,,,
164,7,378,San Antonio,Texas,09-03-2024,Toys,411,9,Q4,,,,
492,18,379,San Diego,California,7/30/2024,Electronics,622,2,Q4,,,,
578,12,380,Dallas,Texas,8/20/2024,Clothing,950,3,Q3,,,,
347,3,381,San Jose,California,10/16/2024,Electronics,543,9,Q4,,,,
586,1,382,Dallas,Texas,02-04-2024,Books,669,8,Q4,,,,
65,12,383,Houston,Texas,07-09-2024,Books,214,4,Q2,,,,
602,4,384,Chicago,Illinois,09-02-2024,Books,157,7,Q4,,,,
35,9,385,Los Angeles,California,2/24/2024,Toys,160,2,Q2,,,,
12,11,386,Dallas,Texas,11-11-2024,Books,816,4,Q3,,,,
397,16,387,Houston,Texas,2/17/2024,Toys,262,7,Q2,,,,
672,13,388,Dallas,Texas,11-03-2024,Clothing,216,9,Q3,,,,
30,8,389,San Diego,California,02-03-2024,Furniture,195,6,Q4,,,,
647,11,390,San Antonio,Texas,06-09-2024,Books,210,3,Q3,,,,
629,12,391,Los Angeles,California,05-04-2024,Clothing,525,4,Q2,,,,
24,1,392,Los Angeles,California,10/25/2024,Furniture,741,3,Q2,,,,
202,1,393,Phoenix,Arizona,3/30/2024,Toys,174,10,Q2,,,,
225,8,394,Chicago,Illinois,04-04-2024,Books,388,7,Q3,,,,
387,1,395,San Antonio,Texas,2/17/2024,Furniture,474,8,Q2,,,,
44,14,396,Houston,Texas,09-01-2024,Furniture,148,4,Q4,,,,
225,15,397,Dallas,Texas,01-01-2024,Electronics,172,8,Q1,,,,
594,8,398,Phoenix,Arizona,2/16/2024,Toys,469,9,Q1,,,,
413,2,399,Philadelphia,Pennsylvania,12/27/2024,Electronics,668,9,Q4,,,,
498,7,400,San Jose,California,1/17/2024,Electronics,351,1,Q2,,,,
470,9,401,Houston,Texas,02-11-2024,Clothing,551,9,Q1,,,,
235,19,402,New York,New York,12-06-2024,Toys,727,6,Q2,,,,
43,4,403,Houston,Texas,08-12-2024,Toys,222,6,Q2,,,,
483,8,404,Chicago,Illinois,10/20/2024,Clothing,840,9,Q1,,,,
601,11,405,New York,New York,7/15/2024,Electronics,741,6,Q3,,,,
84,8,406,Chicago,Illinois,3/18/2024,Toys,954,2,Q1,,,,
360,16,407,San Diego,California,06-05-2024,Electronics,966,2,Q2,,,,
341,3,408,Chicago,Illinois,11-02-2024,Clothing,973,5,Q2,,,,
142,16,409,Los Angeles,California,6/27/2024,Electronics,982,7,Q1,,,,
480,20,410,San Jose,California,03-01-2024,Clothing,673,4,Q3,,,,
270,15,411,Phoenix,Arizona,8/23/2024,Electronics,346,8,Q3,,,,
17,4,412,San Antonio,Texas,8/16/2024,Clothing,918,9,Q2,,,,
546,11,413,Los Angeles,California,04-06-2024,Furniture,715,2,Q3,,,,
597,15,414,Los Angeles,California,12-10-2024,Books,257,2,Q2,,,,
323,15,415,Los Angeles,California,11-03-2024,Electronics,635,9,Q2,,,,
212,10,416,New York,New York,5/31/2024,Electronics,580,1,Q2,,,,
409,16,417,New York,New York,07-08-2024,Clothing,641,8,Q2,,,,
205,3,418,New York,New York,01-10-2024,Electronics,103,4,Q1,,,,
214,18,419,San Jose,California,05-01-2024,Toys,686,5,Q2,,,,
219,13,420,San Diego,California,08-08-2024,Clothing,221,1,Q1,,,,
330,8,421,San Jose,California,02-09-2024,Furniture,187,9,Q1,,,,
399,19,422,San Jose,California,7/19/2024,Toys,118,7,Q3,,,,
237,15,423,San Diego,California,02-04-2024,Furniture,501,7,Q4,,,,
410,9,424,New York,New York,02-01-2024,Electronics,227,7,Q4,,,,
80,8,425,San Diego,California,05-11-2024,Books,434,7,Q3,,,,
241,16,426,New York,New York,10/16/2024,Books,559,3,Q4,,,,
18,12,427,New York,New York,10/25/2024,Toys,775,1,Q2,,,,
124,9,428,Phoenix,Arizona,5/29/2024,Toys,904,2,Q1,,,,
497,6,429,New York,New York,5/17/2024,Furniture,536,7,Q4,,,,
469,4,430,Philadelphia,Pennsylvania,12/13/2024,Electronics,622,1,Q3,,,,
192,18,431,Los Angeles,California,06-03-2024,Toys,260,6,Q2,,,,
369,7,432,Phoenix,Arizona,08-12-2024,Furniture,929,7,Q2,,,,
385,5,433,San Diego,California,06-01-2024,Furniture,568,2,Q2,,,,
92,1,434,San Antonio,Texas,5/14/2024,Electronics,547,10,Q4,,,,
322,12,435,Phoenix,Arizona,03-03-2024,Furniture,266,8,Q3,,,,
602,13,436,Chicago,Illinois,08-11-2024,Books,644,10,Q2,,,,
566,7,437,San Antonio,Texas,09-04-2024,Clothing,175,8,Q4,,,,
82,15,438,New York,New York,07-01-2024,Clothing,629,6,Q2,,,,
327,3,439,Dallas,Texas,04-11-2024,Electronics,498,8,Q4,,,,
461,8,440,Houston,Texas,8/31/2024,Books,325,8,Q4,,,,
113,9,441,Phoenix,Arizona,06-07-2024,Books,329,2,Q2,,,,
598,1,442,Philadelphia,Pennsylvania,4/15/2024,Toys,198,1,Q4,,,,
184,7,443,New York,New York,7/30/2024,Furniture,366,1,Q4,,,,
495,9,444,New York,New York,1/19/2024,Clothing,549,7,Q2,,,,
136,10,445,Chicago,Illinois,8/25/2024,Clothing,260,3,Q3,,,,
256,1,446,Phoenix,Arizona,01-03-2024,Toys,139,3,Q1,,,,
661,20,447,New York,New York,12/16/2024,Clothing,967,8,Q3,,,,
499,13,448,San Jose,California,11/25/2024,Clothing,894,8,Q1,,,,
464,12,449,Los Angeles,California,9/19/2024,Books,176,7,Q2,,,,
681,2,450,Houston,Texas,06-11-2024,Clothing,557,5,Q3,,,,
524,16,451,Philadelphia,Pennsylvania,8/13/2024,Books,931,10,Q2,,,,
530,6,452,Phoenix,Arizona,05-09-2024,Electronics,739,3,Q3,,,,
101,5,453,San Jose,California,1/31/2024,Books,382,6,Q4,,,,
582,14,454,Los Angeles,California,5/28/2024,Electronics,983,8,Q1,,,,
330,16,455,Phoenix,Arizona,5/20/2024,Clothing,790,2,Q4,,,,
4,14,456,New York,New York,7/20/2024,Books,650,3,Q3,,,,
416,7,457,Chicago,Illinois,06-12-2024,Electronics,449,2,Q3,,,,
447,17,458,Chicago,Illinois,6/15/2024,Clothing,256,5,Q4,,,,
80,16,459,Los Angeles,California,08-01-2024,Toys,191,1,Q4,,,,
553,13,460,San Antonio,Texas,4/25/2024,Books,253,2,Q1,,,,
655,4,461,New York,New York,04-05-2024,Toys,989,9,Q3,,,,
448,5,462,San Jose,California,1/27/2024,Books,158,4,Q3,,,,
30,11,463,San Antonio,Texas,04-04-2024,Furniture,619,10,Q3,,,,
550,8,464,Dallas,Texas,10/29/2024,Clothing,587,1,Q2,,,,
402,9,465,Houston,Texas,08-03-2024,Books,924,1,Q1,,,,
507,20,466,San Jose,California,03-11-2024,Toys,588,10,Q4,,,,
130,5,467,Phoenix,Arizona,4/15/2024,Clothing,793,6,Q4,,,,
354,1,468,San Antonio,Texas,12/17/2024,Clothing,839,7,Q3,,,,
285,20,469,Phoenix,Arizona,8/28/2024,Furniture,421,8,Q4,,,,
415,13,470,Philadelphia,Pennsylvania,2/15/2024,Furniture,472,5,Q1,,,,
255,5,471,Chicago,Illinois,01-08-2024,Electronics,365,9,Q1,,,,
646,11,472,Los Angeles,California,12-12-2024,Toys,822,8,Q3,,,,
510,4,473,San Antonio,Texas,7/19/2024,Clothing,224,9,Q3,,,,
349,8,474,Chicago,Illinois,10-07-2024,Electronics,825,10,Q3,,,,
366,3,475,Dallas,Texas,04-06-2024,Toys,318,8,Q3,,,,
641,8,476,San Jose,California,07-06-2024,Clothing,895,6,Q2,,,,
556,14,477,New York,New York,1/14/2024,Electronics,642,3,Q2,,,,
205,3,478,New York,New York,8/16/2024,Clothing,520,8,Q2,,,,
561,3,479,Philadelphia,Pennsylvania,12/29/2024,Toys,382,5,Q4,,,,
667,8,480,Houston,Texas,9/25/2024,Furniture,136,10,Q3,,,,
351,18,481,Philadelphia,Pennsylvania,2/27/2024,Electronics,326,5,Q3,,,,
339,8,482,San Antonio,Texas,10-05-2024,Toys,230,9,Q3,,,,
687,20,483,Philadelphia,Pennsylvania,11/19/2024,Books,225,9,Q4,,,,
501,19,484,Los Angeles,California,3/26/2024,Clothing,560,2,Q2,,,,
368,17,485,Phoenix,Arizona,1/19/2024,Toys,476,4,Q2,,,,
256,4,486,Phoenix,Arizona,08-11-2024,Toys,187,1,Q1,,,,
533,9,487,New York,New York,10-09-2024,Furniture,833,7,Q4,,,,
341,12,488,Dallas,Texas,12-12-2024,Toys,778,3,Q2,,,,
393,19,489,Philadelphia,Pennsylvania,03-08-2024,Toys,469,1,Q4,,,,
439,20,490,Philadelphia,Pennsylvania,2/22/2024,Books,634,8,Q2,,,,
16,2,491,San Antonio,Texas,3/18/2024,Electronics,932,1,Q1,,,,
552,16,492,San Antonio,Texas,1/24/2024,Clothing,671,2,Q3,,,,
297,8,493,Chicago,Illinois,5/18/2024,Clothing,335,5,Q4,,,,
167,18,494,San Jose,California,9/13/2024,Clothing,861,7,Q1,,,,
480,11,495,Phoenix,Arizona,11/15/2024,Electronics,167,9,Q4,,,,
248,13,496,Phoenix,Arizona,03-06-2024,Books,674,4,Q3,,,,
427,2,497,New York,New York,06-05-2024,Books,474,8,Q2,,,,
252,7,498,Dallas,Texas,11-11-2024,Books,275,10,Q3,,,,
650,10,499,New York,New York,3/25/2024,Electronics,996,2,Q2,,,,
575,20,500,Los Angeles,California,6/15/2024,Books,567,7,Q4,,,,
420,1,501,Philadelphia,Pennsylvania,5/25/2024,Toys,350,4,Q1,,,,
258,13,502,Phoenix,Arizona,10-11-2024,Electronics,885,3,Q4,,,,
300,16,503,San Diego,California,4/13/2024,Books,421,8,Q4,,,,
42,8,504,Dallas,Texas,05-12-2024,Clothing,124,4,Q3,,,,
576,3,505,Chicago,Illinois,1/15/2024,Clothing,615,5,Q2,,,,
28,14,506,New York,New York,12/24/2024,Electronics,504,5,Q4,,,,
163,1,507,San Antonio,Texas,10-06-2024,Electronics,325,2,Q3,,,,
465,20,508,Philadelphia,Pennsylvania,8/14/2024,Toys,206,5,Q2,,,,
504,10,509,Houston,Texas,3/29/2024,Furniture,203,4,Q2,,,,
579,3,510,Chicago,Illinois,12/25/2024,Books,242,9,Q4,,,,
417,3,511,New York,New York,05-11-2024,Books,534,7,Q3,,,,
475,6,512,Chicago,Illinois,5/23/2024,Toys,572,4,Q1,,,,
59,4,513,San Jose,California,1/17/2024,Toys,566,1,Q2,,,,
206,5,514,San Antonio,Texas,05-02-2024,Toys,531,2,Q2,,,,
273,18,515,Philadelphia,Pennsylvania,4/23/2024,Furniture,760,2,Q1,,,,
487,9,516,San Antonio,Texas,7/24/2024,Electronics,321,2,Q4,,,,
176,19,517,San Antonio,Texas,01-03-2024,Toys,806,10,Q1,,,,
563,5,518,Philadelphia,Pennsylvania,6/29/2024,Toys,541,4,Q1,,,,
345,11,519,San Diego,California,12/24/2024,Books,197,1,Q4,,,,
311,7,520,San Diego,California,07-01-2024,Books,274,10,Q2,,,,
262,20,521,Los Angeles,California,3/16/2024,Furniture,207,7,Q4,,,,
646,1,522,San Diego,California,09-02-2024,Furniture,252,9,Q4,,,,
316,15,523,Los Angeles,California,5/25/2024,Books,888,9,Q1,,,,
174,19,524,Los Angeles,California,10-12-2024,Books,113,7,Q4,,,,
346,4,525,Los Angeles,California,12/13/2024,Toys,560,8,Q3,,,,
584,5,526,Dallas,Texas,2/21/2024,Toys,707,3,Q2,,,,
135,11,527,Philadelphia,Pennsylvania,10-09-2024,Furniture,621,1,Q4,,,,
517,4,528,Chicago,Illinois,11/17/2024,Toys,859,5,Q4,,,,
496,6,529,Los Angeles,California,4/16/2024,Books,850,6,Q4,,,,
336,18,530,Philadelphia,Pennsylvania,11/17/2024,Clothing,101,4,Q4,,,,
403,4,531,San Diego,California,4/20/2024,Clothing,249,4,Q1,,,,
228,3,532,San Antonio,Texas,12/24/2024,Books,402,8,Q4,,,,
271,10,533,Chicago,Illinois,9/30/2024,Toys,925,10,Q3,,,,
203,4,534,Dallas,Texas,1/28/2024,Furniture,638,5,Q3,,,,
537,1,535,Phoenix,Arizona,01-01-2024,Clothing,525,8,Q1,,,,
677,4,536,Houston,Texas,11-04-2024,Furniture,796,8,Q3,,,,
653,1,537,San Jose,California,6/18/2024,Toys,910,5,Q4,,,,
216,2,538,Los Angeles,California,12/14/2024,Toys,388,9,Q3,,,,
186,4,539,Houston,Texas,1/19/2024,Electronics,862,5,Q2,,,,
154,1,540,San Antonio,Texas,11-03-2024,Clothing,278,10,Q2,,,,
611,7,541,Phoenix,Arizona,9/23/2024,Clothing,656,3,Q2,,,,
583,15,542,San Antonio,Texas,3/23/2024,Clothing,436,3,Q1,,,,
226,9,543,Philadelphia,Pennsylvania,11/24/2024,Toys,497,10,Q1,,,,
474,8,544,Philadelphia,Pennsylvania,10-02-2024,Electronics,742,3,Q3,,,,
331,12,545,San Antonio,Texas,01-01-2024,Books,911,6,Q1,,,,
7,20,546,Los Angeles,California,7/27/2024,Electronics,303,7,Q4,,,,
509,10,547,New York,New York,11-04-2024,Electronics,956,4,Q3,,,,
521,4,548,New York,New York,6/24/2024,Electronics,442,7,Q1,,,,
332,3,549,New York,New York,10/13/2024,Books,827,7,Q4,,,,
512,3,550,Los Angeles,California,01-03-2024,Toys,281,6,Q1,,,,
543,6,551,Houston,Texas,5/16/2024,Books,103,1,Q4,,,,
275,16,552,Dallas,Texas,6/15/2024,Clothing,673,1,Q4,,,,
577,17,553,Dallas,Texas,08-11-2024,Books,426,4,Q2,,,,
467,19,554,Phoenix,Arizona,9/13/2024,Clothing,343,10,Q1,,,,
382,17,555,Phoenix,Arizona,04-07-2024,Furniture,674,7,Q3,,,,
532,9,556,Chicago,Illinois,01-03-2024,Clothing,114,6,Q1,,,,
563,19,557,Philadelphia,Pennsylvania,6/19/2024,Clothing,916,5,Q4,,,,
389,11,558,San Antonio,Texas,02-09-2024,Books,750,5,Q1,,,,
84,11,559,Phoenix,Arizona,04-04-2024,Books,731,2,Q3,,,,
401,15,560,Dallas,Texas,8/26/2024,Furniture,531,9,Q3,,,,
146,1,561,Chicago,Illinois,8/24/2024,Toys,401,3,Q3,,,,
191,1,562,Dallas,Texas,1/27/2024,Toys,634,7,Q3,,,,
422,5,563,Phoenix,Arizona,5/18/2024,Clothing,118,2,Q4,,,,
377,12,564,Philadelphia,Pennsylvania,12/29/2024,Toys,926,4,Q4,,,,
448,9,565,Chicago,Illinois,05-08-2024,Clothing,551,1,Q3,,,,
238,15,566,Dallas,Texas,02-07-2024,Books,198,5,Q4,,,,
552,15,567,Chicago,Illinois,02-08-2024,Furniture,224,6,Q1,,,,
333,14,568,Houston,Texas,5/28/2024,Books,369,4,Q1,,,,
378,14,569,Philadelphia,Pennsylvania,02-06-2024,Electronics,434,10,Q4,,,,
124,1,570,Los Angeles,California,3/18/2024,Electronics,201,4,Q1,,,,
542,19,571,Los Angeles,California,9/30/2024,Furniture,491,1,Q3,,,,
457,18,572,Dallas,Texas,04-07-2024,Clothing,530,3,Q3,,,,
537,17,573,Houston,Texas,07-02-2024,Toys,481,1,Q2,,,,
522,7,574,Chicago,Illinois,1/26/2024,Clothing,122,7,Q3,,,,
440,5,575,San Antonio,Texas,08-03-2024,Furniture,463,6,Q1,,,,
81,12,576,San Diego,California,4/19/2024,Toys,663,9,Q4,,,,
651,5,577,San Antonio,Texas,7/26/2024,Clothing,269,4,Q4,,,,
178,16,578,Dallas,Texas,06-12-2024,Electronics,134,1,Q3,,,,
131,20,579,New York,New York,11-04-2024,Clothing,148,7,Q3,,,,
91,5,580,Chicago,Illinois,9/19/2024,Furniture,622,6,Q2,,,,
623,16,581,Chicago,Illinois,09-07-2024,Electronics,713,4,Q1,,,,
645,15,582,Houston,Texas,6/19/2024,Electronics,231,5,Q4,,,,
12,4,583,Phoenix,Arizona,02-06-2024,Books,192,10,Q4,,,,
555,4,584,San Jose,California,06-02-2024,Books,946,4,Q2,,,,
336,6,585,Houston,Texas,3/21/2024,Clothing,113,6,Q1,,,,
444,4,586,San Diego,California,05-08-2024,Clothing,995,10,Q3,,,,
490,7,587,Dallas,Texas,5/20/2024,Electronics,941,8,Q4,,,,
98,1,588,Houston,Texas,9/27/2024,Books,876,1,Q3,,,,
84,7,589,Chicago,Illinois,06-03-2024,Electronics,143,2,Q2,,,,
334,18,590,New York,New York,04-04-2024,Furniture,656,8,Q3,,,,
241,12,591,New York,New York,05-12-2024,Furniture,890,4,Q3,,,,
322,13,592,New York,New York,3/14/2024,Books,491,1,Q4,,,,
257,4,593,San Jose,California,01-03-2024,Books,197,3,Q1,,,,
167,13,594,San Antonio,Texas,03-10-2024,Clothing,641,9,Q4,,,,
585,20,595,Los Angeles,California,9/24/2024,Electronics,186,7,Q2,,,,
638,4,596,New York,New York,2/15/2024,Toys,280,6,Q1,,,,
97,4,597,New York,New York,03-11-2024,Toys,542,6,Q4,,,,
464,18,598,Houston,Texas,6/17/2024,Electronics,765,10,Q4,,,,
387,11,599,Los Angeles,California,1/19/2024,Clothing,230,4,Q2,,,,
160,5,600,Los Angeles,California,08-12-2024,Clothing,616,5,Q2,,,,
522,6,601,Dallas,Texas,4/24/2024,Furniture,583,10,Q1,,,,
444,7,602,Los Angeles,California,3/16/2024,Electronics,386,10,Q4,,,,
304,1,603,San Jose,California,5/19/2024,Furniture,364,7,Q4,,,,
181,13,604,Dallas,Texas,07-11-2024,Clothing,753,10,Q3,,,,
571,16,605,San Antonio,Texas,2/20/2024,Furniture,639,1,Q2,,,,
502,19,606,Los Angeles,California,12/23/2024,Furniture,463,8,Q4,,,,
634,8,607,San Antonio,Texas,07-09-2024,Books,553,2,Q3,,,,
17,15,608,San Diego,California,6/27/2024,Electronics,529,9,Q1,,,,
476,10,609,New York,New York,05-01-2024,Furniture,460,1,Q2,,,,
199,17,610,San Diego,California,5/19/2024,Clothing,895,2,Q4,,,,
398,18,611,Philadelphia,Pennsylvania,6/18/2024,Clothing,627,9,Q4,,,,
167,13,612,San Jose,California,3/26/2024,Furniture,917,5,Q2,,,,
536,10,613,Dallas,Texas,03-01-2024,Furniture,373,5,Q3,,,,
410,12,614,New York,New York,11-09-2024,Furniture,236,3,Q3,,,,
433,12,615,Phoenix,Arizona,4/25/2024,Clothing,260,3,Q1,,,,
451,4,616,New York,New York,06-06-2024,Furniture,157,4,Q2,,,,
560,4,617,Chicago,Illinois,6/13/2024,Books,978,7,Q3,,,,
632,5,618,San Antonio,Texas,11/17/2024,Electronics,235,8,Q4,,,,
593,12,619,Philadelphia,Pennsylvania,2/19/2024,Toys,847,3,Q2,,,,
625,2,620,Chicago,Illinois,04-07-2024,Toys,638,10,Q3,,,,
422,13,621,Houston,Texas,10/24/2024,Toys,335,1,Q1,,,,
340,1,622,New York,New York,03-05-2024,Furniture,922,1,Q3,,,,
118,3,623,San Jose,California,11-02-2024,Books,892,9,Q2,,,,
660,5,624,Houston,Texas,1/15/2024,Clothing,571,7,Q2,,,,
70,4,625,Phoenix,Arizona,06-04-2024,Books,537,8,Q2,,,,
322,2,626,Philadelphia,Pennsylvania,12-10-2024,Toys,239,8,Q2,,,,
170,1,627,Chicago,Illinois,7/19/2024,Books,343,1,Q3,,,,
371,4,628,Chicago,Illinois,6/28/2024,Clothing,998,9,Q1,,,,
403,5,629,Dallas,Texas,05-10-2024,Books,687,5,Q3,,,,
503,6,630,Phoenix,Arizona,08-05-2024,Furniture,136,10,Q1,,,,
644,14,631,Houston,Texas,03-05-2024,Furniture,610,1,Q3,,,,
674,7,632,Los Angeles,California,8/18/2024,Furniture,482,5,Q3,,,,
209,12,633,Houston,Texas,8/19/2024,Books,359,1,Q3,,,,
536,6,634,Los Angeles,California,10/16/2024,Furniture,395,7,Q1,,,,
311,1,635,Houston,Texas,2/23/2024,Toys,612,7,Q2,,,,
592,16,636,Chicago,Illinois,1/29/2024,Furniture,904,10,Q4,,,,
482,4,637,Philadelphia,Pennsylvania,5/17/2024,Clothing,385,6,Q4,,,,
527,18,638,San Diego,California,1/19/2024,Electronics,483,2,Q2,,,,
210,4,639,Dallas,Texas,11/24/2024,Clothing,279,4,Q1,,,,
234,19,640,San Jose,California,3/26/2024,Clothing,469,8,Q2,,,,
566,20,641,Dallas,Texas,1/27/2024,Toys,181,9,Q3,,,,
616,11,642,Phoenix,Arizona,12-02-2024,Furniture,619,5,Q2,,,,
544,12,643,San Antonio,Texas,11/26/2024,Clothing,765,7,Q1,,,,
34,5,644,San Diego,California,01-09-2024,Electronics,963,4,Q1,,,,
325,17,645,San Jose,California,12-11-2024,Furniture,960,5,Q2,,,,
434,12,646,Dallas,Texas,10/21/2024,Toys,688,5,Q1,,,,
600,5,647,San Jose,California,12/29/2024,Furniture,705,6,Q4,,,,
208,13,648,Houston,Texas,11-04-2024,Clothing,481,5,Q3,,,,
478,12,649,Houston,Texas,02-03-2024,Furniture,655,4,Q4,,,,
332,6,650,New York,New York,07-01-2024,Furniture,867,10,Q2,,,,
527,10,651,New York,New York,9/14/2024,Clothing,881,4,Q1,,,,
340,14,652,Chicago,Illinois,1/13/2024,Electronics,279,8,Q2,,,,
656,10,653,San Antonio,Texas,12/13/2024,Clothing,842,4,Q3,,,,
420,6,654,Philadelphia,Pennsylvania,02-07-2024,Toys,730,5,Q4,,,,
114,2,655,San Antonio,Texas,5/25/2024,Clothing,396,10,Q1,,,,
402,13,656,Houston,Texas,02-12-2024,Clothing,546,3,Q1,,,,
662,11,657,Dallas,Texas,6/18/2024,Clothing,652,1,Q4,,,,
433,19,658,San Jose,California,9/17/2024,Furniture,946,5,Q2,,,,
299,8,659,San Diego,California,11/30/2024,Electronics,998,10,Q1,,,,
123,8,660,Phoenix,Arizona,02-08-2024,Furniture,998,1,Q4,,,,
646,10,661,Philadelphia,Pennsylvania,10-05-2024,Toys,650,10,Q3,,,,
200,1,662,Chicago,Illinois,01-08-2024,Clothing,185,6,Q1,,,,
210,17,663,San Antonio,Texas,6/20/2024,Toys,223,3,Q4,,,,
58,15,664,Dallas,Texas,09-01-2024,Clothing,188,9,Q4,,,,
227,11,665,San Antonio,Texas,3/17/2024,Toys,286,10,Q1,,,,
339,5,666,Los Angeles,California,7/18/2024,Toys,109,7,Q3,,,,
41,13,667,Phoenix,Arizona,6/29/2024,Books,646,3,Q1,,,,
443,10,668,Philadelphia,Pennsylvania,4/19/2024,Toys,469,9,Q1,,,,
615,11,669,Phoenix,Arizona,12/29/2024,Books,994,4,Q4,,,,
303,12,670,Dallas,Texas,3/16/2024,Toys,918,7,Q4,,,,
664,5,671,Chicago,Illinois,9/30/2024,Clothing,862,10,Q3,,,,
328,17,672,Phoenix,Arizona,9/17/2024,Toys,995,1,Q2,,,,
152,3,673,Los Angeles,California,3/14/2024,Electronics,959,5,Q4,,,,
281,16,674,San Diego,California,09-01-2024,Furniture,360,5,Q4,,,,
226,7,675,San Jose,California,12/25/2024,Furniture,536,3,Q4,,,,
333,13,676,Chicago,Illinois,2/21/2024,Toys,237,7,Q2,,,,
46,10,677,Phoenix,Arizona,3/22/2024,Toys,630,2,Q1,,,,
132,17,678,Chicago,Illinois,4/26/2024,Toys,786,1,Q1,,,,
549,13,679,Dallas,Texas,06-04-2024,Clothing,821,6,Q2,,,,
103,6,680,San Antonio,Texas,1/20/2024,Clothing,908,6,Q2,,,,
383,18,681,Los Angeles,California,2/15/2024,Toys,297,6,Q1,,,,
126,4,682,New York,New York,05-11-2024,Clothing,905,2,Q3,,,,
496,4,683,Chicago,Illinois,03-12-2024,Electronics,233,7,Q4,,,,
461,5,684,San Jose,California,10-02-2024,Clothing,962,10,Q3,,,,
299,8,685,Dallas,Texas,2/16/2024,Furniture,973,6,Q1,,,,
294,4,686,Dallas,Texas,10/24/2024,Furniture,308,9,Q1,,,,
577,12,687,New York,New York,12/13/2024,Furniture,673,8,Q3,,,,
674,15,688,San Diego,California,09-07-2024,Electronics,859,10,Q1,,,,
550,6,689,New York,New York,10/20/2024,Clothing,567,7,Q1,,,,
533,7,690,San Diego,California,5/18/2024,Toys,896,2,Q4,,,,
488,15,691,Dallas,Texas,08-03-2024,Toys,221,10,Q1,,,,
443,19,692,San Jose,California,6/22/2024,Furniture,129,6,Q1,,,,
287,6,693,San Antonio,Texas,02-06-2024,Electronics,214,9,Q4,,,,
585,16,694,New York,New York,4/17/2024,Clothing,657,9,Q4,,,,
127,4,695,San Antonio,Texas,12/14/2024,Furniture,993,10,Q3,,,,
187,13,696,New York,New York,09-11-2024,Furniture,856,4,Q1,,,,
221,12,697,Los Angeles,California,09-09-2024,Clothing,210,6,Q1,,,,
612,20,698,San Diego,California,06-12-2024,Electronics,762,4,Q3,,,,
147,12,699,New York,New York,3/15/2024,Toys,322,1,Q4,,,,
618,9,700,Phoenix,Arizona,05-08-2024,Toys,800,5,Q3,,,,
664,4,701,Phoenix,Arizona,6/19/2024,Clothing,246,9,Q4,,,,
284,15,702,Chicago,Illinois,06-02-2024,Clothing,166,10,Q2,,,,
676,19,703,Chicago,Illinois,8/31/2024,Electronics,205,6,Q4,,,,
469,12,704,Phoenix,Arizona,03-07-2024,Furniture,525,4,Q3,,,,
21,1,705,San Diego,California,08-09-2024,Clothing,921,9,Q1,,,,
346,15,706,Philadelphia,Pennsylvania,1/30/2024,Toys,806,2,Q4,,,,
518,1,707,Chicago,Illinois,11-10-2024,Electronics,432,9,Q3,,,,
124,10,708,Phoenix,Arizona,8/15/2024,Clothing,715,10,Q2,,,,
532,8,709,San Jose,California,02-08-2024,Electronics,831,2,Q4,,,,
343,20,710,San Antonio,Texas,05-10-2024,Books,394,6,Q3,,,,
55,14,711,San Antonio,Texas,4/24/2024,Toys,642,10,Q1,,,,
303,4,712,Houston,Texas,04-07-2024,Clothing,478,8,Q3,,,,
246,3,713,Houston,Texas,3/20/2024,Furniture,202,8,Q1,,,,
322,12,714,San Jose,California,09-11-2024,Books,505,1,Q1,,,,
155,9,715,Phoenix,Arizona,6/24/2024,Clothing,579,4,Q1,,,,
661,18,716,Houston,Texas,12/26/2024,Clothing,617,1,Q4,,,,
132,11,717,San Antonio,Texas,9/13/2024,Electronics,881,9,Q1,,,,
433,13,718,San Jose,California,12-08-2024,Clothing,749,2,Q2,,,,
42,8,719,San Diego,California,03-04-2024,Toys,102,1,Q3,,,,
426,7,720,Philadelphia,Pennsylvania,05-12-2024,Books,424,5,Q3,,,,
588,5,721,Los Angeles,California,07-02-2024,Electronics,841,2,Q2,,,,
477,20,722,Philadelphia,Pennsylvania,08-05-2024,Clothing,134,1,Q1,,,,
103,2,723,New York,New York,8/24/2024,Electronics,653,4,Q3,,,,
15,3,724,San Jose,California,8/17/2024,Clothing,286,3,Q2,,,,
582,10,725,San Jose,California,10-07-2024,Clothing,239,3,Q4,,,,
556,18,726,Chicago,Illinois,10-01-2024,Toys,624,3,Q3,,,,
156,4,727,Dallas,Texas,5/24/2024,Electronics,880,8,Q1,,,,
78,9,728,Chicago,Illinois,4/30/2024,Toys,115,5,Q2,,,,
179,11,729,San Diego,California,08-10-2024,Toys,220,10,Q1,,,,
54,14,730,Houston,Texas,7/22/2024,Furniture,493,2,Q3,,,,
471,8,731,San Jose,California,5/18/2024,Toys,991,3,Q4,,,,
658,16,732,Los Angeles,California,10/30/2024,Clothing,347,1,Q2,,,,
406,19,733,New York,New York,7/23/2024,Toys,865,5,Q4,,,,
208,9,734,San Antonio,Texas,12/19/2024,Furniture,311,8,Q4,,,,
614,19,735,San Diego,California,10-12-2024,Clothing,182,8,Q4,,,,
583,1,736,Phoenix,Arizona,10-06-2024,Electronics,748,8,Q3,,,,
380,4,737,Houston,Texas,12/14/2024,Electronics,926,7,Q3,,,,
165,17,738,San Diego,California,6/20/2024,Books,937,6,Q4,,,,
47,11,739,Dallas,Texas,10/16/2024,Furniture,579,8,Q4,,,,
468,20,740,Phoenix,Arizona,8/20/2024,Books,581,5,Q3,,,,
492,4,741,San Diego,California,8/29/2024,Toys,491,2,Q4,,,,
672,5,742,San Diego,California,12/20/2024,Clothing,514,3,Q4,,,,
339,15,743,New York,New York,2/13/2024,Books,348,1,Q1,,,,
416,19,744,Dallas,Texas,05-08-2024,Books,709,7,Q3,,,,
350,20,745,Philadelphia,Pennsylvania,04-10-2024,Books,664,8,Q4,,,,
466,14,746,Los Angeles,California,7/26/2024,Clothing,136,8,Q4,,,,
559,16,747,New York,New York,10/27/2024,Clothing,515,8,Q2,,,,
389,9,748,Los Angeles,California,01-07-2024,Furniture,625,2,Q1,,,,
438,13,749,San Jose,California,11/27/2024,Books,154,9,Q1,,,,
608,10,750,Philadelphia,Pennsylvania,7/31/2024,Electronics,683,4,Q4,,,,
147,14,751,Houston,Texas,6/26/2024,Toys,726,5,Q1,,,,
398,3,752,Chicago,Illinois,04-02-2024,Clothing,199,2,Q3,,,,
582,2,753,Dallas,Texas,07-04-2024,Electronics,169,3,Q2,,,,
446,11,754,Houston,Texas,02-07-2024,Furniture,145,8,Q4,,,,
490,8,755,Philadelphia,Pennsylvania,01-09-2024,Books,491,7,Q1,,,,
591,2,756,Dallas,Texas,11-07-2024,Clothing,739,8,Q3,,,,
282,11,757,Chicago,Illinois,5/31/2024,Furniture,260,1,Q2,,,,
238,2,758,Chicago,Illinois,9/23/2024,Books,779,2,Q2,,,,
486,13,759,San Diego,California,03-05-2024,Clothing,132,3,Q3,,,,
570,16,760,Houston,Texas,1/13/2024,Books,219,10,Q2,,,,
79,10,761,Houston,Texas,1/27/2024,Electronics,884,10,Q3,,,,
601,13,762,Philadelphia,Pennsylvania,1/13/2024,Electronics,676,5,Q2,,,,
595,3,763,Dallas,Texas,07-07-2024,Books,264,1,Q2,,,,
127,13,764,Los Angeles,California,5/30/2024,Furniture,442,8,Q1,,,,
502,7,765,Houston,Texas,12/14/2024,Electronics,180,10,Q3,,,,
255,17,766,Chicago,Illinois,5/17/2024,Furniture,575,2,Q4,,,,
218,1,767,San Diego,California,2/14/2024,Furniture,123,8,Q1,,,,
419,1,768,Los Angeles,California,5/15/2024,Books,775,1,Q4,,,,
37,16,769,Philadelphia,Pennsylvania,1/21/2024,Clothing,488,5,Q2,,,,
474,16,770,Chicago,Illinois,3/17/2024,Furniture,706,5,Q1,,,,
79,3,771,Philadelphia,Pennsylvania,3/24/2024,Clothing,217,9,Q1,,,,
559,9,772,Chicago,Illinois,4/30/2024,Clothing,428,1,Q2,,,,
356,16,773,Los Angeles,California,01-05-2024,Books,105,9,Q1,,,,
69,9,774,San Jose,California,11/18/2024,Books,707,5,Q4,,,,
171,17,775,Los Angeles,California,12/27/2024,Electronics,286,10,Q4,,,,
577,8,776,San Jose,California,4/14/2024,Toys,742,1,Q4,,,,
684,18,777,Houston,Texas,8/26/2024,Furniture,467,4,Q3,,,,
597,16,778,Philadelphia,Pennsylvania,3/13/2024,Electronics,623,6,Q4,,,,
19,19,779,Philadelphia,Pennsylvania,07-05-2024,Clothing,218,7,Q2,,,,
498,16,780,Dallas,Texas,10/26/2024,Furniture,659,9,Q2,,,,
614,12,781,Houston,Texas,06-08-2024,Toys,480,2,Q3,,,,
261,4,782,San Diego,California,9/15/2024,Electronics,582,9,Q1,,,,
441,14,783,Philadelphia,Pennsylvania,1/31/2024,Electronics,494,10,Q4,,,,
490,16,784,Los Angeles,California,8/19/2024,Furniture,449,9,Q3,,,,
357,12,785,San Diego,California,3/18/2024,Furniture,951,5,Q1,,,,
570,13,786,San Antonio,Texas,11/14/2024,Toys,846,10,Q4,,,,
269,19,787,Los Angeles,California,3/14/2024,Clothing,753,10,Q4,,,,
265,13,788,Philadelphia,Pennsylvania,03-12-2024,Clothing,865,2,Q4,,,,
477,4,789,San Jose,California,06-07-2024,Electronics,926,7,Q2,,,,
97,15,790,Houston,Texas,9/20/2024,Furniture,274,2,Q2,,,,
287,4,791,Houston,Texas,11/14/2024,Clothing,492,10,Q4,,,,
330,19,792,Philadelphia,Pennsylvania,04-11-2024,Books,313,4,Q4,,,,
222,14,793,Houston,Texas,05-11-2024,Clothing,668,6,Q3,,,,
250,1,794,Phoenix,Arizona,08-05-2024,Toys,473,9,Q1,,,,
447,8,795,Houston,Texas,1/30/2024,Furniture,752,6,Q4,,,,
621,3,796,San Jose,California,1/29/2024,Clothing,506,8,Q4,,,,
448,3,797,Phoenix,Arizona,03-07-2024,Furniture,716,6,Q3,,,,
684,18,798,San Diego,California,11/20/2024,Clothing,633,3,Q1,,,,
267,6,799,San Diego,California,12/19/2024,Electronics,547,4,Q4,,,,
504,4,800,Phoenix,Arizona,4/25/2024,Toys,649,5,Q1,,,,
559,6,801,New York,New York,2/22/2024,Electronics,225,8,Q2,,,,
205,10,802,San Jose,California,4/30/2024,Clothing,610,8,Q2,,,,
296,4,803,Los Angeles,California,5/30/2024,Furniture,520,3,Q1,,,,
682,18,804,Philadelphia,Pennsylvania,01-11-2024,Clothing,228,4,Q2,,,,
383,1,805,Chicago,Illinois,3/28/2024,Furniture,775,4,Q2,,,,
246,19,806,Houston,Texas,4/19/2024,Clothing,273,6,Q1,,,,
472,2,807,Philadelphia,Pennsylvania,12/26/2024,Clothing,847,2,Q4,,,,
297,6,808,San Antonio,Texas,07-05-2024,Books,468,4,Q2,,,,
650,13,809,New York,New York,7/18/2024,Clothing,543,7,Q3,,,,
62,7,810,Dallas,Texas,11/30/2024,Toys,837,4,Q1,,,,
115,6,811,Chicago,Illinois,01-02-2024,Clothing,904,9,Q1,,,,
364,20,812,San Diego,California,02-06-2024,Books,902,7,Q4,,,,
206,11,813,San Diego,California,08-01-2024,Furniture,284,6,Q4,,,,
243,6,814,Houston,Texas,05-04-2024,Furniture,810,9,Q2,,,,
588,13,815,San Diego,California,4/26/2024,Toys,225,6,Q2,,,,
213,15,816,San Jose,California,2/17/2024,Clothing,305,1,Q2,,,,
302,6,817,San Diego,California,3/13/2024,Furniture,715,10,Q4,,,,
435,20,818,New York,New York,02-11-2024,Electronics,412,10,Q1,,,,
591,13,819,Philadelphia,Pennsylvania,04-01-2024,Books,743,8,Q2,,,,
666,5,820,Philadelphia,Pennsylvania,8/28/2024,Toys,136,5,Q4,,,,
165,7,821,Philadelphia,Pennsylvania,6/13/2024,Clothing,767,6,Q3,,,,
542,1,822,Philadelphia,Pennsylvania,6/21/2024,Toys,376,10,Q1,,,,
235,15,823,Houston,Texas,01-12-2024,Clothing,272,6,Q2,,,,
589,14,824,New York,New York,4/15/2024,Furniture,853,3,Q4,,,,
351,20,825,New York,New York,12/15/2024,Toys,960,5,Q3,,,,
361,19,826,Dallas,Texas,6/13/2024,Electronics,776,5,Q3,,,,
38,18,827,Phoenix,Arizona,3/26/2024,Furniture,258,9,Q2,,,,
53,20,828,San Diego,California,12/26/2024,Electronics,302,5,Q4,,,,
18,7,829,Philadelphia,Pennsylvania,6/14/2024,Books,641,3,Q3,,,,
245,14,830,Los Angeles,California,2/16/2024,Clothing,619,4,Q1,,,,
284,20,831,New York,New York,10-12-2024,Electronics,496,5,Q4,,,,
36,11,832,New York,New York,12-12-2024,Toys,295,7,Q2,,,,
69,7,833,Houston,Texas,10-06-2024,Toys,309,3,Q3,,,,
132,8,834,New York,New York,3/22/2024,Electronics,243,8,Q1,,,,
527,2,835,Dallas,Texas,1/21/2024,Books,555,3,Q2,,,,
156,1,836,Los Angeles,California,1/14/2024,Clothing,786,3,Q2,,,,
601,4,837,New York,New York,1/20/2024,Electronics,595,10,Q2,,,,
582,15,838,Los Angeles,California,11-07-2024,Furniture,329,2,Q3,,,,
385,5,839,Philadelphia,Pennsylvania,11/20/2024,Furniture,731,6,Q4,,,,
340,14,840,Houston,Texas,8/22/2024,Furniture,946,1,Q3,,,,
285,7,841,Chicago,Illinois,12/13/2024,Electronics,399,6,Q3,,,,
121,11,842,San Diego,California,3/28/2024,Electronics,610,8,Q2,,,,
23,18,843,Houston,Texas,01-07-2024,Electronics,906,8,Q1,,,,
619,19,844,San Jose,California,05-09-2024,Books,418,4,Q3,,,,
505,19,845,Phoenix,Arizona,10/18/2024,Toys,713,2,Q1,,,,
659,18,846,Houston,Texas,08-01-2024,Electronics,459,3,Q4,,,,
204,3,847,New York,New York,6/23/2024,Toys,867,3,Q1,,,,
525,18,848,Philadelphia,Pennsylvania,09-03-2024,Electronics,355,8,Q4,,,,
69,6,849,Phoenix,Arizona,10/23/2024,Furniture,949,5,Q1,,,,
73,5,850,Los Angeles,California,2/14/2024,Books,231,2,Q1,,,,
359,13,851,San Antonio,Texas,03-06-2024,Furniture,744,10,Q3,,,,
26,1,852,Los Angeles,California,12/15/2024,Furniture,414,9,Q3,,,,
672,19,853,New York,New York,11/20/2024,Clothing,487,4,Q1,,,,
566,3,854,Phoenix,Arizona,04-12-2024,Clothing,617,6,Q4,,,,
234,14,855,Houston,Texas,05-11-2024,Electronics,193,3,Q3,,,,
391,9,856,Los Angeles,California,10/23/2024,Toys,626,8,Q1,,,,
521,17,857,San Jose,California,1/24/2024,Books,910,6,Q3,,,,
300,14,858,Houston,Texas,6/22/2024,Furniture,430,9,Q1,,,,
203,1,859,Houston,Texas,4/21/2024,Furniture,373,9,Q1,,,,
410,4,860,San Jose,California,02-06-2024,Clothing,853,7,Q4,,,,
504,19,861,Chicago,Illinois,12/15/2024,Electronics,898,2,Q3,,,,
235,2,862,Houston,Texas,12/26/2024,Electronics,786,2,Q4,,,,
472,20,863,Houston,Texas,10/29/2024,Books,493,3,Q2,,,,
27,5,864,Chicago,Illinois,02-11-2024,Toys,705,9,Q1,,,,
563,15,865,Dallas,Texas,12/23/2024,Clothing,787,5,Q4,,,,
255,13,866,Phoenix,Arizona,12-01-2024,Electronics,904,5,Q1,,,,
211,7,867,San Jose,California,5/31/2024,Clothing,850,4,Q2,,,,
551,1,868,Philadelphia,Pennsylvania,10/18/2024,Clothing,895,1,Q1,,,,
538,20,869,Chicago,Illinois,10-04-2024,Clothing,202,5,Q3,,,,
515,18,870,Dallas,Texas,07-07-2024,Furniture,873,8,Q2,,,,
373,11,871,Dallas,Texas,12-09-2024,Furniture,751,4,Q2,,,,
621,9,872,Philadelphia,Pennsylvania,1/24/2024,Clothing,206,7,Q3,,,,
89,3,873,Phoenix,Arizona,9/24/2024,Clothing,244,9,Q2,,,,
170,16,874,Houston,Texas,11/30/2024,Electronics,699,3,Q1,,,,
47,1,875,San Diego,California,11/19/2024,Furniture,187,2,Q4,,,,
466,13,876,San Antonio,Texas,04-02-2024,Furniture,643,8,Q3,,,,
636,2,877,Chicago,Illinois,9/24/2024,Books,107,2,Q2,,,,
374,4,878,San Diego,California,4/15/2024,Toys,284,7,Q4,,,,
187,18,879,Dallas,Texas,4/16/2024,Electronics,885,3,Q4,,,,
249,4,880,San Antonio,Texas,09-04-2024,Books,713,6,Q4,,,,
198,16,881,Chicago,Illinois,08-11-2024,Books,736,8,Q1,,,,
252,1,882,Chicago,Illinois,07-03-2024,Clothing,562,1,Q2,,,,
9,1,883,Houston,Texas,10/25/2024,Electronics,998,1,Q2,,,,
490,16,884,Los Angeles,California,06-10-2024,Furniture,213,9,Q3,,,,
488,18,885,San Diego,California,01-06-2024,Books,305,6,Q1,,,,
44,11,886,New York,New York,04-07-2024,Electronics,273,6,Q3,,,,
457,14,887,San Antonio,Texas,11/13/2024,Clothing,413,5,Q4,,,,
300,13,888,San Diego,California,06-11-2024,Clothing,459,9,Q3,,,,
142,3,889,San Jose,California,8/16/2024,Toys,887,10,Q2,,,,
397,5,890,Philadelphia,Pennsylvania,10-10-2024,Toys,796,5,Q4,,,,
423,13,891,New York,New York,3/20/2024,Furniture,557,5,Q1,,,,
571,17,892,Chicago,Illinois,06-10-2024,Furniture,795,2,Q3,,,,
11,19,893,San Antonio,Texas,12-02-2024,Toys,280,8,Q1,,,,
406,7,894,Los Angeles,California,05-06-2024,Clothing,585,5,Q2,,,,
336,5,895,Chicago,Illinois,05-07-2024,Furniture,341,8,Q3,,,,
653,16,896,New York,New York,1/22/2024,Electronics,979,4,Q2,,,,
435,14,897,Houston,Texas,01-02-2024,Furniture,949,5,Q1,,,,
148,16,898,New York,New York,6/27/2024,Toys,504,8,Q1,,,,
151,20,899,Phoenix,Arizona,3/16/2024,Clothing,673,1,Q4,,,,
622,13,900,Chicago,Illinois,4/28/2024,Clothing,855,7,Q2,,,,
198,17,901,Philadelphia,Pennsylvania,7/26/2024,Furniture,464,10,Q4,,,,
112,14,902,Philadelphia,Pennsylvania,10/27/2024,Clothing,742,9,Q2,,,,
466,17,903,Los Angeles,California,04-02-2024,Books,144,4,Q3,,,,
685,20,904,San Jose,California,6/23/2024,Clothing,810,6,Q1,,,,
127,14,905,Dallas,Texas,2/14/2024,Furniture,228,4,Q1,,,,
482,16,906,Chicago,Illinois,5/26/2024,Electronics,784,5,Q1,,,,
212,15,907,San Jose,California,1/23/2024,Electronics,882,6,Q2,,,,
430,6,908,Philadelphia,Pennsylvania,07-07-2024,Furniture,768,3,Q2,,,,
612,2,909,San Jose,California,10/26/2024,Furniture,792,6,Q2,,,,
581,16,910,Philadelphia,Pennsylvania,4/23/2024,Furniture,790,5,Q1,,,,
589,12,911,Los Angeles,California,2/22/2024,Furniture,270,3,Q2,,,,
238,3,912,Los Angeles,California,04-06-2024,Furniture,472,9,Q3,,,,
154,18,913,Philadelphia,Pennsylvania,08-04-2024,Electronics,941,3,Q1,,,,
357,7,914,Chicago,Illinois,10-09-2024,Electronics,433,6,Q4,,,,
458,16,915,San Antonio,Texas,3/22/2024,Clothing,373,9,Q1,,,,
521,19,916,San Diego,California,9/18/2024,Furniture,441,10,Q2,,,,
672,17,917,Dallas,Texas,06-04-2024,Furniture,330,8,Q2,,,,
531,6,918,Phoenix,Arizona,7/16/2024,Furniture,643,10,Q3,,,,
175,13,919,Houston,Texas,4/25/2024,Clothing,634,10,Q1,,,,
191,8,920,Philadelphia,Pennsylvania,11/13/2024,Furniture,568,4,Q4,,,,
241,11,921,Dallas,Texas,08-03-2024,Electronics,962,3,Q1,,,,
18,15,922,New York,New York,3/27/2024,Electronics,636,6,Q2,,,,
659,4,923,Los Angeles,California,11-10-2024,Electronics,799,3,Q3,,,,
572,15,924,San Jose,California,2/23/2024,Electronics,795,9,Q2,,,,
164,5,925,Dallas,Texas,05-08-2024,Electronics,579,10,Q3,,,,
184,5,926,San Diego,California,6/19/2024,Electronics,381,4,Q4,,,,
646,17,927,Philadelphia,Pennsylvania,08-03-2024,Clothing,903,1,Q1,,,,
46,9,928,Phoenix,Arizona,10/18/2024,Toys,646,8,Q1,,,,
251,15,929,Dallas,Texas,8/21/2024,Electronics,774,7,Q3,,,,
677,9,930,San Jose,California,04-01-2024,Toys,616,6,Q2,,,,
96,20,931,Chicago,Illinois,6/17/2024,Toys,298,1,Q4,,,,
96,6,932,Los Angeles,California,11-06-2024,Books,210,4,Q3,,,,
501,20,933,New York,New York,8/29/2024,Electronics,362,9,Q4,,,,
452,9,934,Los Angeles,California,02-06-2024,Electronics,684,7,Q4,,,,
576,9,935,San Jose,California,07-08-2024,Toys,239,10,Q2,,,,
28,1,936,San Diego,California,9/16/2024,Electronics,390,10,Q1,,,,
663,3,937,Philadelphia,Pennsylvania,04-04-2024,Electronics,571,1,Q3,,,,
100,8,938,Phoenix,Arizona,5/31/2024,Toys,122,9,Q2,,,,
95,20,939,San Antonio,Texas,8/23/2024,Electronics,325,9,Q3,,,,
277,6,940,Phoenix,Arizona,4/28/2024,Toys,914,1,Q2,,,,
161,12,941,San Jose,California,09-04-2024,Clothing,880,1,Q4,,,,
640,9,942,San Jose,California,08-11-2024,Furniture,307,10,Q2,,,,
124,20,943,Houston,Texas,7/21/2024,Electronics,495,1,Q3,,,,
134,8,944,Philadelphia,Pennsylvania,02-08-2024,Toys,881,9,Q4,,,,
124,16,945,Phoenix,Arizona,12-12-2024,Clothing,775,6,Q2,,,,
635,2,946,Chicago,Illinois,2/19/2024,Electronics,373,7,Q2,,,,
270,12,947,Houston,Texas,4/18/2024,Books,927,3,Q4,,,,
564,6,948,Los Angeles,California,7/29/2024,Clothing,540,6,Q4,,,,
53,19,949,Los Angeles,California,12-11-2024,Electronics,842,9,Q2,,,,
19,18,950,San Jose,California,11-06-2024,Toys,789,3,Q3,,,,
86,6,951,Phoenix,Arizona,1/25/2024,Clothing,648,9,Q3,,,,
212,13,952,San Antonio,Texas,10/31/2024,Clothing,985,10,Q2,,,,
500,10,953,San Antonio,Texas,04-04-2024,Electronics,275,10,Q3,,,,
530,4,954,San Diego,California,4/23/2024,Toys,197,10,Q1,,,,
634,10,955,Dallas,Texas,9/17/2024,Books,614,5,Q2,,,,
15,16,956,New York,New York,1/27/2024,Electronics,628,6,Q3,,,,
462,5,957,Houston,Texas,5/18/2024,Books,188,4,Q4,,,,
133,5,958,Los Angeles,California,06-03-2024,Electronics,746,5,Q2,,,,
353,7,959,Houston,Texas,11-01-2024,Toys,507,4,Q2,,,,
463,1,960,Chicago,Illinois,11-11-2024,Books,431,10,Q3,,,,
397,9,961,San Diego,California,09-08-2024,Clothing,488,6,Q1,,,,
491,3,962,Chicago,Illinois,6/14/2024,Furniture,379,9,Q3,,,,
538,20,963,Phoenix,Arizona,07-09-2024,Books,658,8,Q2,,,,
685,18,964,New York,New York,07-03-2024,Furniture,429,4,Q2,,,,
134,14,965,Dallas,Texas,9/20/2024,Furniture,907,2,Q2,,,,
303,5,966,San Antonio,Texas,07-07-2024,Books,446,10,Q2,,,,
513,17,967,Houston,Texas,11-04-2024,Clothing,753,3,Q3,,,,
631,11,968,San Antonio,Texas,4/18/2024,Clothing,249,5,Q4,,,,
303,4,969,Dallas,Texas,01-04-2024,Toys,900,8,Q1,,,,
612,10,970,Los Angeles,California,7/18/2024,Toys,711,6,Q3,,,,
570,7,971,Phoenix,Arizona,1/24/2024,Toys,494,5,Q3,,,,
200,6,972,New York,New York,12/23/2024,Furniture,646,9,Q4,,,,
51,13,973,Philadelphia,Pennsylvania,3/30/2024,Books,975,8,Q2,,,,
166,2,974,Phoenix,Arizona,11/29/2024,Books,522,9,Q1,,,,
271,10,975,San Diego,California,7/22/2024,Electronics,318,9,Q4,,,,
298,13,976,Chicago,Illinois,07-08-2024,Toys,868,4,Q2,,,,
240,1,977,Los Angeles,California,10/19/2024,Books,153,7,Q1,,,,
611,12,978,San Diego,California,8/14/2024,Toys,841,2,Q2,,,,
99,13,979,Chicago,Illinois,6/21/2024,Furniture,901,6,Q1,,,,
271,3,980,Houston,Texas,9/23/2024,Books,417,8,Q2,,,,
651,11,981,San Jose,California,12-01-2024,Furniture,116,6,Q1,,,,
486,14,982,Phoenix,Arizona,5/24/2024,Books,308,6,Q1,,,,
285,19,983,Phoenix,Arizona,11/21/2024,Electronics,154,10,Q1,,,,
64,3,984,Phoenix,Arizona,3/25/2024,Electronics,658,7,Q2,,,,
356,6,985,San Antonio,Texas,3/20/2024,Electronics,121,3,Q1,,,,
577,1,986,Dallas,Texas,2/16/2024,Clothing,815,7,Q1,,,,
84,3,987,New York,New York,08-07-2024,Toys,958,2,Q1,,,,
424,14,988,Phoenix,Arizona,12/15/2024,Books,483,6,Q3,,,,
175,17,989,Chicago,Illinois,2/16/2024,Furniture,529,5,Q1,,,,
522,3,990,New York,New York,10/21/2024,Books,634,8,Q1,,,,
685,16,991,Chicago,Illinois,01-10-2024,Electronics,805,4,Q1,,,,
445,14,992,Phoenix,Arizona,12-12-2024,Electronics,598,5,Q3,,,,
184,15,993,San Antonio,Texas,07-05-2024,Clothing,787,8,Q2,,,,
520,5,994,San Antonio,Texas,10/17/2024,Books,135,9,Q1,,,,
268,9,995,Phoenix,Arizona,8/21/2024,Books,954,8,Q3,,,,
593,11,996,Phoenix,Arizona,6/25/2024,Toys,365,1,Q1,,,,
417,6,997,San Antonio,Texas,6/29/2024,Books,359,2,Q1,,,,
685,10,998,Los Angeles,California,06-04-2024,Books,963,1,Q2,,,,
628,4,999,Los Angeles,California,2/22/2024,Books,971,6,Q2,,,,
299,17,1000,Dallas,Texas,4/17/2024,Furniture,664,6,Q4,,,,
680,2,1001,San Jose,California,8/23/2024,Electronics,825,10,Q3,,,,
107,2,1002,San Jose,California,6/13/2024,Books,538,2,Q3,,,,
270,3,1003,San Antonio,Texas,08-08-2024,Electronics,972,2,Q1,,,,
75,5,1004,Dallas,Texas,02-09-2024,Toys,914,6,Q1,,,,
436,10,1005,Chicago,Illinois,8/28/2024,Electronics,945,3,Q4,,,,
602,10,1006,Chicago,Illinois,11-10-2024,Electronics,869,3,Q3,,,,
133,17,1007,San Antonio,Texas,06-08-2024,Clothing,826,3,Q3,,,,
388,9,1008,Chicago,Illinois,1/26/2024,Clothing,175,3,Q3,,,,
418,10,1009,Phoenix,Arizona,3/15/2024,Furniture,892,3,Q4,,,,
567,12,1010,Phoenix,Arizona,08-01-2024,Furniture,580,3,Q4,,,,
539,3,1011,Houston,Texas,5/30/2024,Furniture,158,10,Q2,,,,
63,2,1012,San Jose,California,10/31/2024,Clothing,980,4,Q2,,,,
659,19,1013,San Antonio,Texas,09-10-2024,Clothing,698,2,Q1,,,,
581,10,1014,Los Angeles,California,9/17/2024,Books,251,3,Q2,,,,
430,1,1015,Houston,Texas,11-04-2024,Toys,991,3,Q3,,,,
284,15,1016,Dallas,Texas,03-12-2024,Toys,729,5,Q4,,,,
124,1,1017,Phoenix,Arizona,07-01-2024,Books,268,4,Q2,,,,
33,4,1018,Philadelphia,Pennsylvania,04-01-2024,Toys,226,10,Q2,,,,
291,2,1019,Houston,Texas,6/19/2024,Furniture,725,8,Q4,,,,
494,16,1020,San Jose,California,04-02-2024,Toys,419,10,Q3,,,,
606,8,1021,San Antonio,Texas,8/25/2024,Clothing,902,1,Q3,,,,
540,19,1022,San Jose,California,6/15/2024,Books,455,9,Q4,,,,
564,18,1023,Los Angeles,California,3/15/2024,Books,520,9,Q4,,,,
218,5,1024,Los Angeles,California,03-10-2024,Toys,557,1,Q4,,,,
115,6,1025,New York,New York,3/31/2024,Toys,883,2,Q2,,,,
559,7,1026,Houston,Texas,10/24/2024,Electronics,396,4,Q1,,,,
172,12,1027,Phoenix,Arizona,08-06-2024,Electronics,573,3,Q1,,,,
403,15,1028,New York,New York,12-03-2024,Furniture,226,10,Q2,,,,
97,6,1029,Chicago,Illinois,5/22/2024,Toys,765,4,Q1,,,,
399,6,1030,Philadelphia,Pennsylvania,09-04-2024,Toys,805,6,Q4,,,,
56,14,1031,San Antonio,Texas,7/13/2024,Books,246,4,Q3,,,,
173,13,1032,San Diego,California,10/30/2024,Clothing,418,5,Q2,,,,
142,16,1033,San Antonio,Texas,9/17/2024,Furniture,372,2,Q2,,,,
86,5,1034,Chicago,Illinois,09-12-2024,Toys,174,8,Q1,,,,
58,5,1035,Philadelphia,Pennsylvania,7/29/2024,Electronics,226,2,Q4,,,,
465,16,1036,San Jose,California,08-06-2024,Toys,875,8,Q1,,,,
132,14,1037,New York,New York,01-06-2024,Electronics,949,1,Q1,,,,
521,6,1038,Houston,Texas,01-06-2024,Electronics,964,9,Q1,,,,
614,19,1039,Phoenix,Arizona,8/15/2024,Electronics,393,4,Q2,,,,
183,5,1040,San Antonio,Texas,02-07-2024,Toys,567,10,Q4,,,,
472,3,1041,San Antonio,Texas,7/28/2024,Clothing,854,4,Q4,,,,
15,6,1042,New York,New York,12/27/2024,Toys,905,10,Q4,,,,
349,4,1043,Philadelphia,Pennsylvania,1/20/2024,Clothing,321,9,Q2,,,,
209,5,1044,Philadelphia,Pennsylvania,09-04-2024,Clothing,768,4,Q4,,,,
266,9,1045,Houston,Texas,11/24/2024,Books,746,10,Q1,,,,
446,5,1046,Chicago,Illinois,08-06-2024,Furniture,684,5,Q1,,,,
503,7,1047,Phoenix,Arizona,09-07-2024,Clothing,153,8,Q1,,,,
584,9,1048,San Diego,California,05-06-2024,Books,542,3,Q2,,,,
491,5,1049,Phoenix,Arizona,06-05-2024,Clothing,301,5,Q2,,,,
181,7,1050,Philadelphia,Pennsylvania,1/25/2024,Books,618,4,Q3,,,,
412,6,1051,San Antonio,Texas,04-03-2024,Books,828,7,Q3,,,,
348,15,1052,Los Angeles,California,5/21/2024,Electronics,461,5,Q4,,,,
344,14,1053,Los Angeles,California,6/15/2024,Toys,948,5,Q4,,,,
182,5,1054,San Jose,California,11/22/2024,Toys,925,2,Q1,,,,
201,13,1055,San Jose,California,12-07-2024,Books,518,2,Q2,,,,
349,6,1056,Los Angeles,California,11/20/2024,Toys,271,4,Q4,,,,
585,14,1057,Dallas,Texas,9/19/2024,Books,214,8,Q2,,,,
106,18,1058,San Jose,California,08-01-2024,Furniture,764,4,Q4,,,,
400,13,1059,New York,New York,09-04-2024,Clothing,717,10,Q4,,,,
610,4,1060,San Antonio,Texas,4/26/2024,Toys,382,3,Q2,,,,
28,13,1061,Houston,Texas,05-05-2024,Electronics,388,4,Q2,,,,
214,9,1062,Los Angeles,California,3/22/2024,Electronics,390,7,Q1,,,,
450,18,1063,Houston,Texas,1/29/2024,Electronics,809,10,Q3,,,,
403,14,1064,Los Angeles,California,9/23/2024,Electronics,972,6,Q2,,,,
535,17,1065,Dallas,Texas,3/26/2024,Toys,695,5,Q2,,,,
616,13,1066,Chicago,Illinois,01-06-2024,Toys,981,4,Q1,,,,
661,15,1067,San Antonio,Texas,9/13/2024,Furniture,245,7,Q1,,,,
175,17,1068,New York,New York,8/17/2024,Books,476,1,Q2,,,,
233,13,1069,Philadelphia,Pennsylvania,6/17/2024,Furniture,948,7,Q4,,,,
112,4,1070,Los Angeles,California,6/29/2024,Electronics,599,8,Q1,,,,
464,9,1071,Chicago,Illinois,6/13/2024,Toys,781,10,Q3,,,,
166,7,1072,San Diego,California,10/16/2024,Furniture,852,1,Q4,,,,
463,15,1073,Los Angeles,California,6/26/2024,Books,626,10,Q1,,,,
427,2,1074,Chicago,Illinois,11/18/2024,Books,233,5,Q4,,,,
451,19,1075,San Antonio,Texas,7/27/2024,Books,746,1,Q4,,,,
252,5,1076,San Antonio,Texas,10/18/2024,Clothing,649,10,Q1,,,,
286,11,1077,Los Angeles,California,08-12-2024,Furniture,934,1,Q2,,,,
64,17,1078,New York,New York,9/28/2024,Furniture,593,2,Q3,,,,
144,8,1079,San Antonio,Texas,03-03-2024,Books,233,8,Q3,,,,
97,5,1080,Philadelphia,Pennsylvania,8/28/2024,Toys,488,5,Q4,,,,
536,6,1081,San Antonio,Texas,03-04-2024,Electronics,779,6,Q3,,,,
431,14,1082,San Diego,California,1/19/2024,Books,124,7,Q2,,,,
548,15,1083,Philadelphia,Pennsylvania,11-09-2024,Books,792,5,Q3,,,,
234,15,1084,Dallas,Texas,07-04-2024,Furniture,710,5,Q2,,,,
150,11,1085,San Antonio,Texas,06-01-2024,Toys,257,7,Q2,,,,
74,14,1086,San Diego,California,11/28/2024,Electronics,394,6,Q1,,,,
394,15,1087,San Jose,California,12/23/2024,Toys,480,1,Q4,,,,
536,19,1088,New York,New York,6/29/2024,Electronics,791,5,Q1,,,,
519,15,1089,San Jose,California,2/20/2024,Furniture,517,10,Q2,,,,
40,1,1090,San Antonio,Texas,05-02-2024,Furniture,352,9,Q2,,,,
390,13,1091,Phoenix,Arizona,6/21/2024,Toys,402,9,Q1,,,,
469,4,1092,Phoenix,Arizona,01-11-2024,Clothing,214,6,Q2,,,,
127,3,1093,New York,New York,3/26/2024,Clothing,781,4,Q2,,,,
582,7,1094,San Antonio,Texas,06-01-2024,Books,623,10,Q2,,,,
192,8,1095,Phoenix,Arizona,2/18/2024,Clothing,274,4,Q2,,,,
301,7,1096,San Diego,California,12/14/2024,Electronics,523,5,Q3,,,,
306,15,1097,Houston,Texas,03-05-2024,Clothing,944,2,Q3,,,,
199,16,1098,Chicago,Illinois,2/18/2024,Electronics,406,7,Q2,,,,
688,3,1099,New York,New York,11/19/2024,Books,906,1,Q4,,,,
518,12,1100,Los Angeles,California,11-09-2024,Toys,610,5,Q3,,,,
2,2,1101,New York,New York,06-04-2024,Books,957,8,Q2,,,,
420,6,1102,San Diego,California,6/22/2024,Clothing,346,6,Q1,,,,
321,10,1103,Houston,Texas,3/30/2024,Furniture,863,2,Q2,,,,
55,17,1104,New York,New York,8/13/2024,Furniture,819,4,Q2,,,,
52,17,1105,San Diego,California,08-11-2024,Electronics,317,9,Q1,,,,
204,2,1106,Chicago,Illinois,7/18/2024,Furniture,103,6,Q3,,,,
513,17,1107,Phoenix,Arizona,12/26/2024,Furniture,250,8,Q4,,,,
117,6,1108,San Diego,California,08-11-2024,Clothing,259,10,Q1,,,,
642,18,1109,Phoenix,Arizona,9/15/2024,Electronics,726,8,Q1,,,,
20,14,1110,Dallas,Texas,01-08-2024,Clothing,340,10,Q1,,,,
45,19,1111,Philadelphia,Pennsylvania,10/13/2024,Clothing,874,5,Q4,,,,
468,13,1112,Dallas,Texas,11-02-2024,Electronics,726,9,Q2,,,,
382,15,1113,San Antonio,Texas,9/20/2024,Furniture,833,8,Q2,,,,
308,5,1114,New York,New York,1/27/2024,Electronics,435,9,Q3,,,,
633,2,1115,Chicago,Illinois,3/20/2024,Electronics,266,9,Q1,,,,
597,14,1116,Houston,Texas,7/16/2024,Electronics,309,3,Q3,,,,
492,1,1117,San Jose,California,12/14/2024,Clothing,252,5,Q3,,,,
418,2,1118,Philadelphia,Pennsylvania,08-04-2024,Clothing,314,7,Q1,,,,
140,1,1119,Phoenix,Arizona,6/16/2024,Furniture,821,6,Q4,,,,
422,9,1120,New York,New York,11-03-2024,Books,964,9,Q2,,,,
630,7,1121,Phoenix,Arizona,11-11-2024,Furniture,960,7,Q3,,,,
444,4,1122,New York,New York,02-10-2024,Clothing,271,9,Q1,,,,
52,9,1123,Los Angeles,California,5/29/2024,Clothing,807,9,Q1,,,,
152,16,1124,Philadelphia,Pennsylvania,09-10-2024,Toys,337,1,Q1,,,,
209,11,1125,New York,New York,4/23/2024,Clothing,476,8,Q1,,,,
312,20,1126,Houston,Texas,12/18/2024,Toys,987,1,Q3,,,,
317,11,1127,New York,New York,11-10-2024,Toys,234,3,Q3,,,,
392,12,1128,Houston,Texas,08-11-2024,Furniture,498,9,Q2,,,,
582,6,1129,San Antonio,Texas,11/29/2024,Clothing,294,4,Q1,,,,
421,13,1130,Dallas,Texas,7/16/2024,Clothing,499,4,Q3,,,,
385,17,1131,Houston,Texas,2/26/2024,Clothing,172,10,Q2,,,,
656,20,1132,Philadelphia,Pennsylvania,05-09-2024,Electronics,985,3,Q3,,,,
311,14,1133,Dallas,Texas,7/24/2024,Books,826,8,Q4,,,,
192,4,1134,San Diego,California,07-05-2024,Toys,326,5,Q2,,,,
89,19,1135,Philadelphia,Pennsylvania,2/22/2024,Furniture,130,3,Q2,,,,
126,12,1136,San Diego,California,6/17/2024,Electronics,980,8,Q4,,,,
92,10,1137,San Jose,California,4/13/2024,Books,256,6,Q4,,,,
417,20,1138,San Jose,California,1/31/2024,Furniture,396,8,Q4,,,,
510,10,1139,San Antonio,Texas,01-12-2024,Books,848,4,Q2,,,,
544,6,1140,New York,New York,11/16/2024,Electronics,712,10,Q4,,,,
603,19,1141,Los Angeles,California,11/22/2024,Books,847,2,Q1,,,,
297,4,1142,Philadelphia,Pennsylvania,05-07-2024,Clothing,701,7,Q3,,,,
238,7,1143,San Jose,California,10/15/2024,Clothing,388,9,Q4,,,,
301,20,1144,New York,New York,08-04-2024,Clothing,1000,8,Q1,,,,
376,9,1145,Los Angeles,California,08-03-2024,Furniture,297,10,Q1,,,,
394,16,1146,San Jose,California,3/25/2024,Toys,500,4,Q2,,,,
285,8,1147,Chicago,Illinois,11-11-2024,Books,751,7,Q3,,,,
138,12,1148,Houston,Texas,4/22/2024,Books,270,1,Q1,,,,
227,19,1149,Chicago,Illinois,01-07-2024,Electronics,998,8,Q1,,,,
308,20,1150,San Diego,California,6/21/2024,Furniture,956,10,Q1,,,,
525,5,1151,Philadelphia,Pennsylvania,8/28/2024,Electronics,909,1,Q4,,,,
53,17,1152,Phoenix,Arizona,6/22/2024,Toys,783,7,Q1,,,,
186,12,1153,San Diego,California,09-01-2024,Clothing,334,6,Q4,,,,
74,13,1154,Philadelphia,Pennsylvania,5/13/2024,Clothing,963,10,Q3,,,,
161,13,1155,Phoenix,Arizona,04-09-2024,Electronics,144,5,Q3,,,,
331,5,1156,Chicago,Illinois,5/26/2024,Electronics,286,8,Q1,,,,
485,18,1157,Philadelphia,Pennsylvania,2/17/2024,Furniture,782,1,Q2,,,,
401,20,1158,Dallas,Texas,12/25/2024,Toys,532,10,Q4,,,,
396,4,1159,Los Angeles,California,02-09-2024,Toys,233,5,Q1,,,,
374,2,1160,Houston,Texas,11/30/2024,Electronics,736,3,Q1,,,,
379,19,1161,Dallas,Texas,11-01-2024,Electronics,502,7,Q2,,,,
428,15,1162,San Jose,California,10/17/2024,Toys,957,8,Q1,,,,
216,12,1163,New York,New York,12-11-2024,Toys,562,3,Q2,,,,
393,7,1164,New York,New York,07-01-2024,Electronics,959,2,Q2,,,,
401,6,1165,Chicago,Illinois,3/16/2024,Toys,632,4,Q4,,,,
241,14,1166,Philadelphia,Pennsylvania,05-01-2024,Books,360,9,Q2,,,,
11,20,1167,New York,New York,06-09-2024,Toys,437,5,Q3,,,,
328,16,1168,San Diego,California,9/30/2024,Books,280,4,Q3,,,,
342,12,1169,San Jose,California,07-06-2024,Toys,377,10,Q2,,,,
144,5,1170,Philadelphia,Pennsylvania,11/19/2024,Electronics,299,6,Q4,,,,
5,4,1171,New York,New York,1/17/2024,Toys,829,7,Q2,,,,
56,7,1172,Philadelphia,Pennsylvania,10/18/2024,Clothing,327,3,Q1,,,,
579,11,1173,Chicago,Illinois,2/16/2024,Furniture,346,4,Q1,,,,
106,18,1174,San Jose,California,06-05-2024,Electronics,617,7,Q2,,,,
515,12,1175,Chicago,Illinois,10-10-2024,Clothing,860,6,Q4,,,,
563,11,1176,Dallas,Texas,4/27/2024,Toys,376,3,Q2,,,,
242,13,1177,San Antonio,Texas,6/28/2024,Electronics,429,1,Q1,,,,
596,4,1178,Philadelphia,Pennsylvania,2/22/2024,Electronics,307,9,Q2,,,,
205,20,1179,Houston,Texas,03-09-2024,Clothing,662,1,Q4,,,,
424,3,1180,New York,New York,2/26/2024,Furniture,719,7,Q3,,,,
594,4,1181,Houston,Texas,10/19/2024,Clothing,472,6,Q1,,,,
681,16,1182,Philadelphia,Pennsylvania,10/24/2024,Books,784,4,Q2,,,,
336,7,1183,Philadelphia,Pennsylvania,11/14/2024,Furniture,430,4,Q4,,,,
17,6,1184,San Jose,California,6/28/2024,Clothing,819,10,Q1,,,,
386,3,1185,San Jose,California,12/23/2024,Electronics,817,1,Q4,,,,
406,8,1186,San Jose,California,5/27/2024,Furniture,913,5,Q1,,,,
53,1,1187,Dallas,Texas,7/20/2024,Electronics,220,6,Q3,,,,
670,16,1188,San Antonio,Texas,6/24/2024,Toys,808,4,Q1,,,,
36,4,1189,San Antonio,Texas,10/13/2024,Clothing,511,4,Q4,,,,
295,19,1190,New York,New York,02-07-2024,Furniture,557,2,Q4,,,,
156,14,1191,Houston,Texas,3/19/2024,Clothing,991,4,Q1,,,,
622,7,1192,Houston,Texas,5/27/2024,Electronics,641,7,Q1,,,,
86,11,1193,San Antonio,Texas,01-11-2024,Electronics,334,6,Q2,,,,
458,19,1194,Dallas,Texas,6/14/2024,Furniture,330,3,Q3,,,,
655,3,1195,San Antonio,Texas,06-03-2024,Electronics,868,1,Q2,,,,
34,11,1196,San Antonio,Texas,2/18/2024,Electronics,560,8,Q2,,,,
349,16,1197,San Jose,California,1/13/2024,Furniture,670,7,Q2,,,,
9,19,1198,New York,New York,09-10-2024,Furniture,235,5,Q1,,,,
121,10,1199,San Jose,California,10/22/2024,Furniture,638,6,Q1,,,,
555,7,1200,Philadelphia,Pennsylvania,3/16/2024,Furniture,193,4,Q4,,,,
335,19,1201,Dallas,Texas,9/18/2024,Furniture,598,3,Q2,,,,
472,6,1202,San Antonio,Texas,10/24/2024,Clothing,127,1,Q1,,,,
354,3,1203,New York,New York,6/16/2024,Clothing,374,6,Q4,,,,
628,5,1204,Chicago,Illinois,04-09-2024,Furniture,175,2,Q4,,,,
432,17,1205,Philadelphia,Pennsylvania,1/17/2024,Toys,669,4,Q2,,,,
416,19,1206,Dallas,Texas,02-11-2024,Furniture,619,10,Q1,,,,
175,11,1207,Chicago,Illinois,12/14/2024,Furniture,269,8,Q3,,,,
190,5,1208,San Jose,California,06-08-2024,Clothing,822,2,Q3,,,,
90,19,1209,Los Angeles,California,08-05-2024,Furniture,777,7,Q1,,,,
134,5,1210,Los Angeles,California,5/25/2024,Electronics,408,5,Q1,,,,
259,4,1211,Los Angeles,California,3/20/2024,Toys,103,4,Q1,,,,
454,3,1212,Philadelphia,Pennsylvania,12/29/2024,Books,120,4,Q4,,,,
531,14,1213,San Diego,California,1/21/2024,Books,481,4,Q2,,,,
255,10,1214,Houston,Texas,05-06-2024,Books,890,1,Q2,,,,
661,17,1215,San Jose,California,2/17/2024,Furniture,861,7,Q2,,,,
94,12,1216,Chicago,Illinois,09-02-2024,Books,461,7,Q4,,,,
569,6,1217,New York,New York,11/25/2024,Clothing,373,9,Q1,,,,
234,1,1218,San Jose,California,8/21/2024,Furniture,581,7,Q3,,,,
399,4,1219,Houston,Texas,6/23/2024,Toys,801,9,Q1,,,,
538,19,1220,Dallas,Texas,9/22/2024,Clothing,391,6,Q2,,,,
657,2,1221,Houston,Texas,09-05-2024,Toys,353,6,Q1,,,,
597,16,1222,New York,New York,7/20/2024,Electronics,404,5,Q3,,,,
123,17,1223,Phoenix,Arizona,06-09-2024,Electronics,922,10,Q3,,,,
123,10,1224,San Jose,California,09-12-2024,Toys,643,9,Q1,,,,
500,14,1225,Philadelphia,Pennsylvania,11-01-2024,Books,772,6,Q2,,,,
639,14,1226,Chicago,Illinois,08-12-2024,Furniture,404,3,Q2,,,,
512,16,1227,Los Angeles,California,5/28/2024,Furniture,195,3,Q1,,,,
500,9,1228,Los Angeles,California,1/25/2024,Toys,138,8,Q3,,,,
524,8,1229,Houston,Texas,10-09-2024,Electronics,430,3,Q4,,,,
420,15,1230,Phoenix,Arizona,8/31/2024,Electronics,204,2,Q4,,,,
276,13,1231,Philadelphia,Pennsylvania,10/17/2024,Books,964,10,Q1,,,,
608,16,1232,Houston,Texas,7/20/2024,Toys,325,10,Q3,,,,
304,4,1233,Los Angeles,California,08-11-2024,Clothing,570,10,Q1,,,,
532,17,1234,New York,New York,2/26/2024,Toys,414,4,Q3,,,,
628,5,1235,Philadelphia,Pennsylvania,04-01-2024,Furniture,718,6,Q2,,,,
44,20,1236,San Jose,California,3/15/2024,Electronics,618,2,Q4,,,,
430,16,1237,Houston,Texas,1/26/2024,Electronics,314,7,Q3,,,,
136,17,1238,Houston,Texas,10/20/2024,Furniture,305,10,Q1,,,,
129,13,1239,San Diego,California,08-02-2024,Toys,827,9,Q4,,,,
74,14,1240,New York,New York,11/25/2024,Electronics,764,6,Q1,,,,
208,6,1241,New York,New York,12-06-2024,Electronics,668,6,Q2,,,,
13,4,1242,San Jose,California,5/18/2024,Books,577,5,Q4,,,,
166,3,1243,San Antonio,Texas,12/15/2024,Clothing,418,2,Q3,,,,
525,1,1244,San Diego,California,11/24/2024,Toys,282,5,Q1,,,,
593,5,1245,Phoenix,Arizona,8/28/2024,Clothing,222,9,Q4,,,,
69,4,1246,Phoenix,Arizona,5/21/2024,Books,212,8,Q4,,,,
601,12,1247,San Jose,California,05-08-2024,Books,264,1,Q3,,,,
449,8,1248,Chicago,Illinois,5/27/2024,Furniture,887,9,Q1,,,,
567,6,1249,San Antonio,Texas,12/18/2024,Electronics,184,7,Q3,,,,
128,9,1250,Dallas,Texas,06-10-2024,Clothing,627,9,Q3,,,,
429,20,1251,New York,New York,06-12-2024,Clothing,667,6,Q3,,,,
13,4,1252,San Diego,California,8/26/2024,Clothing,852,3,Q3,,,,
586,8,1253,Dallas,Texas,02-07-2024,Electronics,109,1,Q4,,,,
105,3,1254,Dallas,Texas,4/27/2024,Electronics,442,4,Q2,,,,
238,2,1255,Dallas,Texas,4/26/2024,Electronics,638,8,Q1,,,,
