customer_id,product_id,order_id,City,State,Date,Product_Category,Sales,Quantity_Sold,,,,,
621,4,1,Chicago,Illinois,8/30/2023,Electronics,998,4,,,,,
641,12,2,San Jose,California,5/30/2023,Electronics,804,5,,,,,
359,3,3,Philadelphia,Pennsylvania,5/13/2023,Books,827,9,,,,,
38,18,4,San Diego,California,11-02-2023,Books,842,7,,,,,
311,18,5,Houston,Texas,07-11-2023,Clothing,709,5,,,,,
325,10,6,San Diego,California,7/17/2023,Toys,452,4,,,,,
356,15,7,Houston,Texas,1/18/2023,Electronics,242,3,,,,,
450,13,8,San Jose,California,6/19/2023,Toys,903,9,,,,,
514,18,12,Los Angeles,California,01-05-2023,Electronics,774,9,,,,,
279,17,13,Philadelphia,Pennsylvania,03-11-2023,Toys,444,3,,,,,
634,6,14,San Diego,California,05-09-2023,Electronics,323,9,,,,,
124,9,16,New York,New York,9/14/2023,Toys,399,3,,,,,
523,11,17,San Antonio,Texas,5/15/2023,Clothing,610,9,,,,,
192,13,18,Chicago,Illinois,12/17/2023,Toys,431,2,,,,,
500,4,19,Chicago,Illinois,01-12-2023,Electronics,477,4,,,,,
180,12,22,Phoenix,Arizona,2/20/2023,Clothing,106,1,,,,,
673,16,23,San Jose,California,1/23/2023,Books,637,4,,,,,
450,6,24,Chicago,Illinois,12-12-2023,Toys,493,1,,,,,
392,18,25,Houston,Texas,2/13/2023,Toys,843,9,,,,,
425,14,26,Chicago,Illinois,05-06-2023,Electronics,173,4,,,,,
182,10,27,Houston,Texas,5/24/2023,Toys,385,4,,,,,
431,9,29,Los Angeles,California,8/21/2023,Electronics,155,10,,,,,
377,10,30,Los Angeles,California,07-07-2023,Furniture,757,3,,,,,
322,12,31,Los Angeles,California,8/23/2023,Toys,294,5,,,,,
393,18,32,Los Angeles,California,8/21/2023,Clothing,764,1,,,,,
551,2,33,New York,New York,12/31/2023,Toys,378,5,,,,,
81,3,35,Dallas,Texas,11-10-2023,Toys,565,10,,,,,
185,15,36,Los Angeles,California,07-06-2023,Books,361,7,,,,,
119,4,39,Chicago,Illinois,8/19/2023,Electronics,121,10,,,,,
676,3,40,New York,New York,08-08-2023,Furniture,912,1,,,,,
283,9,41,Houston,Texas,2/27/2023,Furniture,739,6,,,,,
300,14,42,Philadelphia,Pennsylvania,9/19/2023,Toys,202,4,,,,,
289,9,43,New York,New York,03-03-2023,Toys,400,6,,,,,
127,2,45,Chicago,Illinois,8/16/2023,Furniture,324,7,,,,,
21,17,46,Chicago,Illinois,01-09-2023,Books,806,6,,,,,
247,19,47,San Jose,California,6/18/2023,Electronics,632,8,,,,,
666,15,48,Chicago,Illinois,02-06-2023,Electronics,971,10,,,,,
332,16,49,San Antonio,Texas,6/22/2023,Electronics,580,5,,,,,
227,3,50,San Jose,California,09-04-2023,Furniture,120,5,,,,,
244,6,53,Phoenix,Arizona,02-05-2023,Toys,670,10,,,,,
581,4,54,San Antonio,Texas,04-08-2023,Furniture,104,1,,,,,
443,4,57,Chicago,Illinois,05-09-2023,Toys,367,10,,,,,
281,4,59,New York,New York,9/30/2023,Clothing,333,10,,,,,
675,9,60,San Antonio,Texas,10-11-2023,Clothing,139,6,,,,,
111,18,61,Los Angeles,California,08-08-2023,Toys,584,3,,,,,
3,7,64,Chicago,Illinois,12/18/2023,Toys,210,5,,,,,
430,17,66,New York,New York,10/31/2023,Furniture,349,9,,,,,
25,1,67,Philadelphia,Pennsylvania,1/20/2023,Toys,594,7,,,,,
411,10,68,Phoenix,Arizona,5/14/2023,Furniture,297,7,,,,,
295,3,70,San Diego,California,05-04-2023,Toys,628,5,,,,,
103,13,72,San Diego,California,07-11-2023,Electronics,923,10,,,,,
574,13,73,Houston,Texas,02-06-2023,Toys,706,1,,,,,
235,19,74,Dallas,Texas,09-10-2023,Books,580,9,,,,,
396,15,76,Phoenix,Arizona,08-08-2023,Books,807,1,,,,,
276,8,79,New York,New York,04-02-2023,Toys,829,5,,,,,
356,10,80,Los Angeles,California,2/17/2023,Toys,617,1,,,,,
541,2,81,San Jose,California,1/16/2023,Electronics,394,2,,,,,
679,6,82,San Diego,California,12/14/2023,Furniture,940,10,,,,,
405,8,83,Los Angeles,California,3/31/2023,Toys,579,9,,,,,
207,7,84,Los Angeles,California,02-03-2023,Books,239,6,,,,,
373,15,85,Chicago,Illinois,8/21/2023,Electronics,766,5,,,,,
282,13,89,San Jose,California,12/20/2023,Clothing,725,3,,,,,
80,20,91,San Diego,California,01-10-2023,Clothing,698,5,,,,,
459,5,94,New York,New York,03-01-2023,Toys,345,9,,,,,
662,5,96,Phoenix,Arizona,12-02-2023,Books,159,1,,,,,
602,10,97,New York,New York,09-12-2023,Toys,848,9,,,,,
354,15,98,Phoenix,Arizona,4/28/2023,Books,793,10,,,,,
86,20,99,Los Angeles,California,4/16/2023,Books,876,8,,,,,
283,7,100,San Jose,California,08-08-2023,Electronics,850,5,,,,,
348,13,101,Chicago,Illinois,11-03-2023,Clothing,417,9,,,,,
65,2,102,San Diego,California,9/21/2023,Toys,561,5,,,,,
32,11,105,San Antonio,Texas,05-02-2023,Clothing,324,3,,,,,
180,9,108,Houston,Texas,10-07-2023,Furniture,815,6,,,,,
564,3,109,Los Angeles,California,10-10-2023,Clothing,620,6,,,,,
621,2,112,Philadelphia,Pennsylvania,05-11-2023,Furniture,781,6,,,,,
676,19,114,San Diego,California,02-10-2023,Clothing,276,9,,,,,
161,20,115,Los Angeles,California,2/21/2023,Clothing,190,2,,,,,
394,14,116,Philadelphia,Pennsylvania,8/26/2023,Electronics,206,1,,,,,
248,10,117,San Diego,California,12-04-2023,Toys,429,2,,,,,
55,11,118,San Diego,California,11-03-2023,Toys,911,7,,,,,
362,10,121,Chicago,Illinois,5/27/2023,Books,245,7,,,,,
46,5,122,New York,New York,2/16/2023,Toys,425,4,,,,,
85,15,123,Houston,Texas,05-10-2023,Clothing,511,6,,,,,
422,19,125,Chicago,Illinois,5/25/2023,Toys,920,5,,,,,
615,2,126,San Jose,California,3/13/2023,Books,750,3,,,,,
410,3,127,San Antonio,Texas,8/14/2023,Clothing,484,1,,,,,
131,13,128,Philadelphia,Pennsylvania,12/17/2023,Clothing,320,2,,,,,
399,6,129,Chicago,Illinois,7/22/2023,Clothing,447,7,,,,,
533,16,130,San Jose,California,4/13/2023,Electronics,777,9,,,,,
455,15,131,Dallas,Texas,8/27/2023,Toys,125,9,,,,,
614,14,132,Phoenix,Arizona,8/23/2023,Electronics,455,3,,,,,
322,15,133,Chicago,Illinois,5/25/2023,Furniture,158,9,,,,,
489,12,134,Los Angeles,California,4/18/2023,Electronics,175,3,,,,,
248,14,135,San Diego,California,1/27/2023,Toys,896,2,,,,,
25,16,136,Los Angeles,California,08-05-2023,Electronics,401,7,,,,,
337,15,137,Dallas,Texas,7/22/2023,Electronics,637,5,,,,,
351,11,139,Houston,Texas,12-01-2023,Clothing,516,3,,,,,
383,1,140,San Diego,California,11/22/2023,Toys,454,10,,,,,
201,19,142,Los Angeles,California,07-09-2023,Books,764,1,,,,,
40,14,144,Los Angeles,California,01-02-2023,Toys,927,7,,,,,
21,1,146,Phoenix,Arizona,01-01-2023,Furniture,492,6,,,,,
321,17,148,Los Angeles,California,11/18/2023,Toys,192,3,,,,,
69,9,149,Houston,Texas,6/22/2023,Books,786,5,,,,,
218,16,150,Dallas,Texas,6/27/2023,Electronics,953,3,,,,,
363,20,151,Chicago,Illinois,03-08-2023,Toys,732,4,,,,,
261,16,152,Los Angeles,California,09-08-2023,Books,962,6,,,,,
685,7,153,New York,New York,5/23/2023,Toys,751,3,,,,,
534,4,154,San Jose,California,6/13/2023,Toys,526,2,,,,,
116,18,155,New York,New York,03-04-2023,Toys,518,3,,,,,
188,16,156,Chicago,Illinois,08-03-2023,Clothing,119,5,,,,,
676,13,157,San Antonio,Texas,11-01-2023,Electronics,897,6,,,,,
91,4,158,San Antonio,Texas,6/21/2023,Toys,730,3,,,,,
630,12,159,Phoenix,Arizona,11-08-2023,Toys,485,5,,,,,
473,17,160,Philadelphia,Pennsylvania,4/22/2023,Books,329,7,,,,,
112,15,162,Chicago,Illinois,07-10-2023,Clothing,209,2,,,,,
521,12,165,Houston,Texas,06-04-2023,Electronics,328,8,,,,,
615,12,166,Phoenix,Arizona,5/19/2023,Furniture,246,10,,,,,
226,15,170,Philadelphia,Pennsylvania,5/13/2023,Furniture,809,1,,,,,
22,9,171,Philadelphia,Pennsylvania,5/31/2023,Books,604,7,,,,,
16,12,173,Chicago,Illinois,03-06-2023,Toys,893,6,,,,,
431,20,175,San Antonio,Texas,12/24/2023,Clothing,815,4,,,,,
399,1,179,Dallas,Texas,07-05-2023,Clothing,549,10,,,,,
383,3,180,Dallas,Texas,12/27/2023,Toys,285,7,,,,,
601,7,181,Philadelphia,Pennsylvania,10-10-2023,Clothing,154,8,,,,,
204,15,182,New York,New York,07-07-2023,Toys,227,6,,,,,
118,6,183,Philadelphia,Pennsylvania,10/27/2023,Toys,859,5,,,,,
684,10,184,San Jose,California,07-09-2023,Toys,514,10,,,,,
678,15,185,Phoenix,Arizona,10/17/2023,Electronics,373,5,,,,,
188,4,187,Houston,Texas,03-10-2023,Electronics,106,3,,,,,
584,1,188,Houston,Texas,12-06-2023,Toys,909,6,,,,,
434,6,189,Chicago,Illinois,12-06-2023,Electronics,994,6,,,,,
336,12,190,Dallas,Texas,6/15/2023,Clothing,198,10,,,,,
360,11,191,Dallas,Texas,08-06-2023,Toys,426,1,,,,,
277,3,193,San Antonio,Texas,12-09-2023,Clothing,137,3,,,,,
211,13,194,Philadelphia,Pennsylvania,1/29/2023,Toys,404,3,,,,,
239,7,195,Phoenix,Arizona,10/30/2023,Clothing,832,4,,,,,
75,15,197,Phoenix,Arizona,04-09-2023,Electronics,733,2,,,,,
260,17,198,New York,New York,06-09-2023,Furniture,672,1,,,,,
289,13,199,San Antonio,Texas,12-12-2023,Electronics,254,10,,,,,
342,20,200,San Jose,California,05-05-2023,Toys,887,4,,,,,
466,19,202,Philadelphia,Pennsylvania,8/27/2023,Furniture,772,10,,,,,
225,8,203,Philadelphia,Pennsylvania,12-10-2023,Furniture,515,8,,,,,
40,20,204,San Antonio,Texas,10/23/2023,Toys,975,7,,,,,
132,4,205,Philadelphia,Pennsylvania,9/25/2023,Electronics,293,3,,,,,
398,15,206,San Jose,California,8/22/2023,Furniture,751,6,,,,,
662,10,208,San Jose,California,11-07-2023,Books,752,4,,,,,
286,10,209,Phoenix,Arizona,11/19/2023,Toys,778,1,,,,,
1,10,210,San Jose,California,5/28/2023,Electronics,933,10,,,,,
459,11,211,Phoenix,Arizona,9/26/2023,Toys,651,9,,,,,
553,15,214,Los Angeles,California,9/21/2023,Toys,512,9,,,,,
391,4,217,Houston,Texas,12-08-2023,Clothing,568,3,,,,,
288,18,218,Chicago,Illinois,11-06-2023,Toys,694,6,,,,,
362,18,219,San Jose,California,03-09-2023,Toys,937,8,,,,,
544,19,220,New York,New York,11-01-2023,Electronics,484,1,,,,,
417,18,221,Philadelphia,Pennsylvania,12-02-2023,Clothing,413,2,,,,,
341,5,222,Phoenix,Arizona,9/28/2023,Toys,903,2,,,,,
625,15,223,Philadelphia,Pennsylvania,11/26/2023,Toys,540,9,,,,,
119,4,224,Philadelphia,Pennsylvania,03-10-2023,Furniture,284,10,,,,,
22,17,225,Los Angeles,California,10/16/2023,Electronics,880,8,,,,,
229,8,227,New York,New York,07-06-2023,Toys,984,5,,,,,
530,4,228,San Jose,California,2/20/2023,Clothing,437,5,,,,,
132,11,231,Chicago,Illinois,8/24/2023,Clothing,280,7,,,,,
28,8,232,San Antonio,Texas,4/23/2023,Toys,620,4,,,,,
278,10,234,Los Angeles,California,03-02-2023,Toys,314,1,,,,,
659,7,235,San Antonio,Texas,9/27/2023,Books,360,4,,,,,
38,3,236,San Jose,California,1/13/2023,Clothing,933,1,,,,,
17,10,237,San Diego,California,2/17/2023,Toys,883,7,,,,,
576,3,238,San Diego,California,04-06-2023,Electronics,789,10,,,,,
79,9,239,Chicago,Illinois,8/21/2023,Clothing,359,8,,,,,
6,12,241,San Antonio,Texas,04-10-2023,Furniture,104,4,,,,,
236,18,242,Phoenix,Arizona,06-09-2023,Toys,787,5,,,,,
161,10,243,San Diego,California,1/28/2023,Clothing,140,4,,,,,
588,12,245,Phoenix,Arizona,12-04-2023,Toys,657,1,,,,,
222,10,247,New York,New York,4/27/2023,Electronics,121,10,,,,,
484,18,248,Philadelphia,Pennsylvania,8/19/2023,Furniture,847,10,,,,,
279,12,249,Dallas,Texas,04-08-2023,Clothing,825,3,,,,,
670,8,250,Philadelphia,Pennsylvania,06-10-2023,Clothing,778,3,,,,,
668,10,251,San Antonio,Texas,07-09-2023,Electronics,727,7,,,,,
579,17,252,San Diego,California,10/13/2023,Electronics,134,7,,,,,
12,19,253,San Diego,California,02-02-2023,Electronics,153,6,,,,,
217,19,256,Los Angeles,California,06-01-2023,Electronics,680,9,,,,,
281,3,257,Chicago,Illinois,5/26/2023,Furniture,709,10,,,,,
44,11,258,Los Angeles,California,6/21/2023,Clothing,612,10,,,,,
130,11,259,San Diego,California,08-10-2023,Furniture,924,1,,,,,
656,4,260,Phoenix,Arizona,03-09-2023,Electronics,491,3,,,,,
511,2,261,Houston,Texas,2/14/2023,Books,717,6,,,,,
439,11,262,San Diego,California,06-03-2023,Toys,949,3,,,,,
276,7,264,New York,New York,1/21/2023,Electronics,881,9,,,,,
190,8,265,San Antonio,Texas,12/15/2023,Toys,673,8,,,,,
171,19,266,San Jose,California,10-05-2023,Toys,409,4,,,,,
381,19,267,San Diego,California,5/31/2023,Books,679,3,,,,,
63,4,269,Dallas,Texas,01-12-2023,Electronics,417,3,,,,,
219,10,270,Phoenix,Arizona,11-04-2023,Books,385,5,,,,,
535,3,271,Los Angeles,California,4/26/2023,Furniture,760,8,,,,,
93,17,277,San Jose,California,8/27/2023,Clothing,871,9,,,,,
620,13,278,Phoenix,Arizona,11/23/2023,Electronics,598,1,,,,,
586,13,279,Houston,Texas,5/25/2023,Furniture,435,10,,,,,
6,16,280,San Diego,California,12/31/2023,Electronics,376,7,,,,,
514,1,281,San Jose,California,2/15/2023,Toys,252,3,,,,,
241,18,282,San Antonio,Texas,10-06-2023,Books,175,6,,,,,
240,12,284,Chicago,Illinois,6/17/2023,Furniture,614,4,,,,,
394,5,287,New York,New York,04-03-2023,Toys,629,10,,,,,
33,16,290,New York,New York,2/27/2023,Electronics,812,6,,,,,
639,14,291,San Diego,California,12/26/2023,Toys,900,2,,,,,
659,7,292,Philadelphia,Pennsylvania,11-11-2023,Toys,775,8,,,,,
551,12,293,New York,New York,09-06-2023,Clothing,469,1,,,,,
232,5,298,Chicago,Illinois,2/23/2023,Electronics,181,2,,,,,
114,8,299,Dallas,Texas,4/19/2023,Furniture,557,4,,,,,
677,2,301,Philadelphia,Pennsylvania,5/17/2023,Books,268,5,,,,,
199,10,302,San Antonio,Texas,9/21/2023,Furniture,518,5,,,,,
621,6,303,San Antonio,Texas,2/20/2023,Toys,918,1,,,,,
444,20,304,Los Angeles,California,08-02-2023,Clothing,764,2,,,,,
81,5,305,Houston,Texas,06-09-2023,Clothing,517,9,,,,,
603,13,307,San Jose,California,08-06-2023,Toys,116,9,,,,,
551,7,308,Houston,Texas,12-06-2023,Toys,412,6,,,,,
186,11,309,Houston,Texas,7/26/2023,Clothing,154,3,,,,,
95,20,310,Houston,Texas,11-05-2023,Electronics,825,1,,,,,
380,16,312,Philadelphia,Pennsylvania,02-04-2023,Books,717,4,,,,,
472,12,314,San Antonio,Texas,08-04-2023,Electronics,773,1,,,,,
376,10,315,Houston,Texas,08-11-2023,Books,338,8,,,,,
109,18,318,Phoenix,Arizona,06-12-2023,Books,195,9,,,,,
18,10,319,San Antonio,Texas,3/19/2023,Books,781,5,,,,,
334,8,321,Phoenix,Arizona,08-12-2023,Electronics,541,2,,,,,
404,10,322,Dallas,Texas,12/29/2023,Electronics,431,5,,,,,
642,1,324,Los Angeles,California,4/21/2023,Toys,892,1,,,,,
591,18,325,Phoenix,Arizona,8/28/2023,Clothing,822,3,,,,,
67,10,327,Chicago,Illinois,8/19/2023,Toys,810,5,,,,,
446,6,328,Philadelphia,Pennsylvania,06-10-2023,Books,154,1,,,,,
34,1,329,Dallas,Texas,2/26/2023,Furniture,987,2,,,,,
371,3,331,Philadelphia,Pennsylvania,3/22/2023,Books,726,2,,,,,
189,1,332,Phoenix,Arizona,4/19/2023,Furniture,336,7,,,,,
364,15,334,Chicago,Illinois,6/27/2023,Clothing,858,3,,,,,
1,3,335,New York,New York,05-07-2023,Electronics,358,4,,,,,
455,13,336,San Jose,California,7/14/2023,Electronics,243,9,,,,,
260,12,337,Chicago,Illinois,5/15/2023,Books,247,9,,,,,
46,18,339,Chicago,Illinois,07-11-2023,Electronics,883,10,,,,,
152,20,341,Houston,Texas,9/15/2023,Furniture,332,7,,,,,
206,6,342,New York,New York,02-08-2023,Books,581,2,,,,,
306,9,343,San Jose,California,07-11-2023,Furniture,287,3,,,,,
505,18,348,Chicago,Illinois,03-04-2023,Electronics,973,2,,,,,
354,11,349,New York,New York,4/17/2023,Furniture,229,8,,,,,
558,4,350,New York,New York,11/14/2023,Clothing,636,1,,,,,
665,16,351,Philadelphia,Pennsylvania,04-03-2023,Toys,307,6,,,,,
581,9,352,San Antonio,Texas,05-08-2023,Furniture,357,8,,,,,
542,10,353,Phoenix,Arizona,07-03-2023,Toys,330,7,,,,,
83,18,354,San Jose,California,11/23/2023,Books,430,1,,,,,
6,17,355,Phoenix,Arizona,2/25/2023,Clothing,341,8,,,,,
492,3,356,San Jose,California,8/18/2023,Books,417,1,,,,,
1,17,357,Los Angeles,California,9/30/2023,Toys,911,8,,,,,
655,6,359,Los Angeles,California,02-10-2023,Toys,459,6,,,,,
223,4,360,Houston,Texas,10-02-2023,Toys,456,2,,,,,
221,14,361,Los Angeles,California,8/15/2023,Toys,150,7,,,,,
395,2,362,Los Angeles,California,7/24/2023,Clothing,446,5,,,,,
567,18,363,Phoenix,Arizona,02-04-2023,Clothing,659,9,,,,,
304,18,364,Philadelphia,Pennsylvania,7/21/2023,Toys,788,2,,,,,
245,12,365,New York,New York,04-11-2023,Furniture,133,4,,,,,
283,10,367,Philadelphia,Pennsylvania,2/20/2023,Electronics,508,3,,,,,
231,7,368,Phoenix,Arizona,5/15/2023,Electronics,677,3,,,,,
637,1,369,Philadelphia,Pennsylvania,6/13/2023,Electronics,974,7,,,,,
33,18,371,Phoenix,Arizona,12/21/2023,Furniture,895,8,,,,,
297,16,373,Dallas,Texas,05-07-2023,Books,844,7,,,,,
665,16,374,San Jose,California,11/21/2023,Toys,714,5,,,,,
31,2,375,Dallas,Texas,10-12-2023,Clothing,201,8,,,,,
630,4,376,Los Angeles,California,4/23/2023,Clothing,277,3,,,,,
120,19,377,Houston,Texas,01-02-2023,Electronics,714,1,,,,,
164,7,378,San Jose,California,12/16/2023,Toys,444,1,,,,,
492,18,379,San Jose,California,7/16/2023,Furniture,833,6,,,,,
578,12,380,Dallas,Texas,8/28/2023,Toys,307,3,,,,,
586,1,382,New York,New York,6/21/2023,Toys,961,5,,,,,
65,12,383,San Antonio,Texas,5/16/2023,Toys,826,5,,,,,
602,4,384,Houston,Texas,8/27/2023,Electronics,787,9,,,,,
35,9,385,San Antonio,Texas,4/23/2023,Toys,898,7,,,,,
397,16,387,Los Angeles,California,05-01-2023,Furniture,446,8,,,,,
30,8,389,San Diego,California,03-03-2023,Electronics,983,2,,,,,
647,11,390,Philadelphia,Pennsylvania,9/22/2023,Clothing,902,6,,,,,
629,12,391,San Antonio,Texas,4/27/2023,Clothing,872,3,,,,,
202,1,393,Los Angeles,California,10-11-2023,Toys,609,6,,,,,
225,8,394,Phoenix,Arizona,10/29/2023,Clothing,739,7,,,,,
387,1,395,Dallas,Texas,10-10-2023,Toys,559,4,,,,,
44,14,396,Dallas,Texas,08-06-2023,Electronics,270,5,,,,,
225,15,397,San Jose,California,4/13/2023,Furniture,585,4,,,,,
594,8,398,Chicago,Illinois,12/14/2023,Toys,155,3,,,,,
498,7,400,Philadelphia,Pennsylvania,04-02-2023,Electronics,679,2,,,,,
470,9,401,Philadelphia,Pennsylvania,6/20/2023,Toys,110,7,,,,,
43,4,403,Houston,Texas,04-08-2023,Electronics,898,1,,,,,
601,11,405,San Antonio,Texas,7/20/2023,Toys,121,7,,,,,
84,8,406,Los Angeles,California,7/27/2023,Books,555,3,,,,,
360,16,407,New York,New York,10-06-2023,Toys,578,9,,,,,
142,16,409,Houston,Texas,2/27/2023,Electronics,769,7,,,,,
480,20,410,Houston,Texas,09-04-2023,Clothing,302,7,,,,,
270,15,411,Chicago,Illinois,12/26/2023,Furniture,502,4,,,,,
17,4,412,Philadelphia,Pennsylvania,5/13/2023,Toys,507,1,,,,,
546,11,413,Phoenix,Arizona,9/13/2023,Toys,424,5,,,,,
212,10,416,Chicago,Illinois,08-05-2023,Furniture,768,10,,,,,
409,16,417,San Diego,California,12/14/2023,Clothing,867,8,,,,,
205,3,418,San Diego,California,6/24/2023,Toys,415,3,,,,,
214,18,419,San Jose,California,06-07-2023,Furniture,635,10,,,,,
219,13,420,San Jose,California,08-10-2023,Toys,486,5,,,,,
330,8,421,San Jose,California,12/18/2023,Clothing,756,1,,,,,
399,19,422,Los Angeles,California,01-10-2023,Books,840,9,,,,,
237,15,423,New York,New York,04-09-2023,Toys,164,7,,,,,
410,9,424,Chicago,Illinois,9/25/2023,Toys,165,9,,,,,
80,8,425,San Diego,California,08-08-2023,Clothing,949,6,,,,,
124,9,428,San Jose,California,9/21/2023,Clothing,900,7,,,,,
497,6,429,Houston,Texas,04-10-2023,Books,435,2,,,,,
192,18,431,Los Angeles,California,02-05-2023,Books,321,8,,,,,
369,7,432,Houston,Texas,12-01-2023,Toys,877,8,,,,,
385,5,433,Dallas,Texas,6/13/2023,Clothing,269,10,,,,,
92,1,434,Philadelphia,Pennsylvania,09-11-2023,Toys,986,4,,,,,
322,12,435,Los Angeles,California,09-12-2023,Furniture,563,9,,,,,
602,13,436,Los Angeles,California,10/21/2023,Books,480,1,,,,,
566,7,437,Houston,Texas,01-08-2023,Furniture,189,6,,,,,
82,15,438,New York,New York,11/13/2023,Furniture,389,10,,,,,
327,3,439,New York,New York,5/31/2023,Electronics,115,6,,,,,
461,8,440,Houston,Texas,12-12-2023,Clothing,674,6,,,,,
113,9,441,San Jose,California,9/30/2023,Electronics,288,4,,,,,
598,1,442,Phoenix,Arizona,1/26/2023,Furniture,893,1,,,,,
184,7,443,Los Angeles,California,01-06-2023,Furniture,121,5,,,,,
495,9,444,Los Angeles,California,12/26/2023,Toys,988,9,,,,,
136,10,445,San Antonio,Texas,12/18/2023,Clothing,504,4,,,,,
256,1,446,San Diego,California,11/27/2023,Electronics,144,10,,,,,
464,12,449,Chicago,Illinois,1/25/2023,Furniture,725,1,,,,,
681,2,450,Phoenix,Arizona,04-09-2023,Electronics,781,10,,,,,
524,16,451,Phoenix,Arizona,09-06-2023,Toys,241,6,,,,,
530,6,452,Chicago,Illinois,3/17/2023,Books,656,7,,,,,
101,5,453,New York,New York,1/28/2023,Toys,255,3,,,,,
582,14,454,Chicago,Illinois,12-03-2023,Electronics,828,10,,,,,
330,16,455,Houston,Texas,10-07-2023,Toys,106,2,,,,,
4,14,456,New York,New York,10/13/2023,Clothing,557,2,,,,,
416,7,457,Dallas,Texas,2/22/2023,Clothing,789,6,,,,,
447,17,458,Phoenix,Arizona,5/26/2023,Clothing,959,3,,,,,
80,16,459,Philadelphia,Pennsylvania,1/23/2023,Electronics,838,5,,,,,
553,13,460,New York,New York,04-11-2023,Electronics,439,6,,,,,
655,4,461,Philadelphia,Pennsylvania,07-10-2023,Electronics,736,7,,,,,
448,5,462,Philadelphia,Pennsylvania,1/15/2023,Electronics,860,10,,,,,
30,11,463,New York,New York,10-07-2023,Furniture,256,8,,,,,
402,9,465,Dallas,Texas,9/17/2023,Books,777,8,,,,,
507,20,466,San Diego,California,05-08-2023,Toys,471,8,,,,,
130,5,467,Houston,Texas,02-08-2023,Electronics,295,3,,,,,
285,20,469,San Diego,California,04-02-2023,Toys,137,8,,,,,
415,13,470,San Jose,California,5/14/2023,Books,112,1,,,,,
255,5,471,San Jose,California,2/28/2023,Toys,500,1,,,,,
510,4,473,Los Angeles,California,11-08-2023,Toys,782,3,,,,,
366,3,475,San Antonio,Texas,06-10-2023,Toys,930,10,,,,,
641,8,476,New York,New York,08-12-2023,Electronics,549,4,,,,,
556,14,477,New York,New York,1/14/2023,Clothing,872,2,,,,,
205,3,478,San Antonio,Texas,5/18/2023,Books,253,9,,,,,
351,18,481,Philadelphia,Pennsylvania,2/22/2023,Toys,857,7,,,,,
501,19,484,San Jose,California,8/26/2023,Books,667,7,,,,,
368,17,485,Chicago,Illinois,7/25/2023,Furniture,722,1,,,,,
256,4,486,Philadelphia,Pennsylvania,3/16/2023,Toys,360,9,,,,,
393,19,489,Los Angeles,California,09-09-2023,Furniture,267,7,,,,,
439,20,490,New York,New York,4/23/2023,Clothing,186,9,,,,,
16,2,491,San Diego,California,10/31/2023,Toys,560,7,,,,,
552,16,492,New York,New York,08-03-2023,Books,279,1,,,,,
297,8,493,San Antonio,Texas,08-11-2023,Toys,912,7,,,,,
167,18,494,Phoenix,Arizona,01-03-2023,Toys,511,7,,,,,
248,13,496,San Antonio,Texas,7/20/2023,Clothing,607,5,,,,,
427,2,497,Los Angeles,California,08-05-2023,Furniture,355,1,,,,,
650,10,499,Los Angeles,California,7/14/2023,Clothing,484,8,,,,,
575,20,500,Chicago,Illinois,01-09-2023,Clothing,436,8,,,,,
420,1,501,Phoenix,Arizona,6/17/2023,Clothing,863,10,,,,,
300,16,503,Phoenix,Arizona,09-03-2023,Electronics,433,1,,,,,
42,8,504,Dallas,Texas,12-07-2023,Toys,423,2,,,,,
576,3,505,San Antonio,Texas,8/30/2023,Toys,527,5,,,,,
465,20,508,Dallas,Texas,1/30/2023,Electronics,244,10,,,,,
504,10,509,New York,New York,10-04-2023,Toys,466,6,,,,,
417,3,511,Chicago,Illinois,7/23/2023,Electronics,135,7,,,,,
475,6,512,San Antonio,Texas,06-12-2023,Books,980,6,,,,,
59,4,513,Dallas,Texas,2/22/2023,Clothing,720,8,,,,,
206,5,514,New York,New York,11/15/2023,Toys,943,3,,,,,
273,18,515,Houston,Texas,11-10-2023,Furniture,953,10,,,,,
487,9,516,Dallas,Texas,9/24/2023,Clothing,706,9,,,,,
176,19,517,San Jose,California,08-03-2023,Furniture,395,10,,,,,
563,5,518,Phoenix,Arizona,6/22/2023,Books,551,10,,,,,
311,7,520,San Diego,California,5/29/2023,Furniture,745,2,,,,,
262,20,521,San Antonio,Texas,09-11-2023,Clothing,411,3,,,,,
646,1,522,Chicago,Illinois,2/25/2023,Electronics,368,8,,,,,
316,15,523,Los Angeles,California,03-06-2023,Clothing,623,10,,,,,
584,5,526,Dallas,Texas,8/21/2023,Toys,648,3,,,,,
496,6,529,Chicago,Illinois,11-09-2023,Books,555,2,,,,,
403,4,531,Los Angeles,California,12-08-2023,Furniture,259,6,,,,,
203,4,534,San Jose,California,12-11-2023,Furniture,848,3,,,,,
537,1,535,San Jose,California,4/17/2023,Toys,981,1,,,,,
653,1,537,Philadelphia,Pennsylvania,05-02-2023,Furniture,969,1,,,,,
186,4,539,San Jose,California,02-04-2023,Electronics,621,10,,,,,
583,15,542,Phoenix,Arizona,06-12-2023,Furniture,170,6,,,,,
331,12,545,San Jose,California,12/15/2023,Electronics,496,9,,,,,
7,20,546,San Diego,California,12-08-2023,Books,459,8,,,,,
521,4,548,San Jose,California,1/19/2023,Electronics,753,9,,,,,
512,3,550,New York,New York,04-10-2023,Electronics,928,7,,,,,
543,6,551,San Antonio,Texas,09-07-2023,Books,187,5,,,,,
275,16,552,New York,New York,08-09-2023,Toys,737,8,,,,,
577,17,553,Los Angeles,California,8/14/2023,Electronics,266,7,,,,,
467,19,554,Dallas,Texas,4/21/2023,Toys,506,6,,,,,
382,17,555,Houston,Texas,10-08-2023,Electronics,512,3,,,,,
532,9,556,San Jose,California,12/26/2023,Toys,488,7,,,,,
563,19,557,San Diego,California,6/14/2023,Electronics,267,1,,,,,
389,11,558,Dallas,Texas,8/19/2023,Toys,912,6,,,,,
84,11,559,Philadelphia,Pennsylvania,12/15/2023,Books,909,9,,,,,
401,15,560,San Diego,California,05-02-2023,Clothing,515,3,,,,,
146,1,561,Phoenix,Arizona,7/14/2023,Electronics,193,3,,,,,
191,1,562,Dallas,Texas,02-10-2023,Books,694,8,,,,,
422,5,563,Phoenix,Arizona,09-07-2023,Electronics,440,3,,,,,
448,9,565,Houston,Texas,8/25/2023,Toys,724,6,,,,,
238,15,566,Phoenix,Arizona,08-06-2023,Clothing,974,6,,,,,
552,15,567,Phoenix,Arizona,6/28/2023,Clothing,145,6,,,,,
333,14,568,San Diego,California,8/30/2023,Electronics,145,9,,,,,
378,14,569,Chicago,Illinois,8/15/2023,Books,331,8,,,,,
124,1,570,New York,New York,05-11-2023,Electronics,113,2,,,,,
457,18,572,Houston,Texas,08-11-2023,Furniture,197,5,,,,,
537,17,573,San Antonio,Texas,09-09-2023,Furniture,130,6,,,,,
522,7,574,San Jose,California,08-05-2023,Toys,660,3,,,,,
440,5,575,Houston,Texas,10/15/2023,Toys,538,5,,,,,
81,12,576,San Diego,California,5/23/2023,Toys,877,8,,,,,
651,5,577,New York,New York,08-05-2023,Toys,642,7,,,,,
178,16,578,San Jose,California,1/25/2023,Electronics,256,9,,,,,
91,5,580,San Jose,California,05-06-2023,Furniture,780,7,,,,,
623,16,581,Phoenix,Arizona,6/29/2023,Toys,828,8,,,,,
645,15,582,Phoenix,Arizona,12-05-2023,Toys,467,2,,,,,
12,4,583,Dallas,Texas,12/26/2023,Toys,807,9,,,,,
555,4,584,San Diego,California,8/15/2023,Furniture,886,9,,,,,
336,6,585,Los Angeles,California,4/22/2023,Toys,106,6,,,,,
444,4,586,Los Angeles,California,3/30/2023,Furniture,973,7,,,,,
490,7,587,New York,New York,09-04-2023,Clothing,767,7,,,,,
84,7,589,Los Angeles,California,6/26/2023,Furniture,264,4,,,,,
334,18,590,San Diego,California,6/30/2023,Toys,219,3,,,,,
241,12,591,Dallas,Texas,02-08-2023,Electronics,616,4,,,,,
322,13,592,New York,New York,09-09-2023,Toys,845,6,,,,,
257,4,593,Phoenix,Arizona,3/29/2023,Toys,369,10,,,,,
167,13,594,Chicago,Illinois,5/27/2023,Clothing,868,4,,,,,
638,4,596,San Antonio,Texas,10-11-2023,Toys,153,9,,,,,
97,4,597,Dallas,Texas,7/18/2023,Toys,276,3,,,,,
464,18,598,New York,New York,5/21/2023,Toys,402,4,,,,,
387,11,599,San Diego,California,3/22/2023,Toys,733,8,,,,,
160,5,600,New York,New York,12-04-2023,Electronics,625,4,,,,,
522,6,601,Chicago,Illinois,6/19/2023,Electronics,357,2,,,,,
444,7,602,Houston,Texas,06-09-2023,Books,234,3,,,,,
304,1,603,Phoenix,Arizona,01-04-2023,Toys,807,6,,,,,
181,13,604,San Antonio,Texas,1/28/2023,Toys,644,6,,,,,
571,16,605,Dallas,Texas,06-01-2023,Clothing,399,9,,,,,
634,8,607,Phoenix,Arizona,11-12-2023,Toys,377,5,,,,,
17,15,608,New York,New York,05-06-2023,Clothing,119,9,,,,,
476,10,609,Dallas,Texas,5/25/2023,Books,151,7,,,,,
199,17,610,Phoenix,Arizona,11/21/2023,Electronics,377,7,,,,,
398,18,611,San Jose,California,6/19/2023,Toys,109,8,,,,,
167,13,612,San Jose,California,6/25/2023,Toys,684,7,,,,,
536,10,613,Phoenix,Arizona,11/20/2023,Electronics,644,3,,,,,
433,12,615,San Antonio,Texas,9/28/2023,Toys,492,8,,,,,
451,4,616,Los Angeles,California,10/13/2023,Clothing,721,9,,,,,
560,4,617,San Jose,California,08-11-2023,Electronics,948,6,,,,,
593,12,619,Los Angeles,California,6/14/2023,Books,858,4,,,,,
625,2,620,San Jose,California,2/23/2023,Clothing,554,7,,,,,
340,1,622,Houston,Texas,8/28/2023,Electronics,335,4,,,,,
660,5,624,San Antonio,Texas,9/22/2023,Toys,990,5,,,,,
70,4,625,Houston,Texas,07-09-2023,Toys,841,6,,,,,
170,1,627,Los Angeles,California,7/16/2023,Toys,827,1,,,,,
371,4,628,San Antonio,Texas,01-01-2023,Toys,778,3,,,,,
403,5,629,San Antonio,Texas,07-04-2023,Clothing,168,9,,,,,
503,6,630,Chicago,Illinois,4/28/2023,Furniture,643,4,,,,,
644,14,631,San Diego,California,04-07-2023,Furniture,125,5,,,,,
674,7,632,Philadelphia,Pennsylvania,2/22/2023,Clothing,715,1,,,,,
209,12,633,San Jose,California,7/24/2023,Electronics,832,9,,,,,
311,1,635,Chicago,Illinois,4/23/2023,Toys,867,3,,,,,
592,16,636,Los Angeles,California,03-04-2023,Toys,741,7,,,,,
482,4,637,Dallas,Texas,11/21/2023,Books,246,1,,,,,
527,18,638,Chicago,Illinois,01-02-2023,Toys,219,4,,,,,
234,19,640,Houston,Texas,1/22/2023,Electronics,716,5,,,,,
566,20,641,New York,New York,10/28/2023,Electronics,635,3,,,,,
34,5,644,Chicago,Illinois,6/19/2023,Clothing,468,5,,,,,
478,12,649,San Diego,California,10/20/2023,Electronics,839,3,,,,,
332,6,650,Chicago,Illinois,3/21/2023,Toys,893,1,,,,,
527,10,651,Chicago,Illinois,10-01-2023,Toys,528,3,,,,,
340,14,652,Chicago,Illinois,11/25/2023,Electronics,908,6,,,,,
420,6,654,San Antonio,Texas,12/25/2023,Furniture,154,5,,,,,
114,2,655,Phoenix,Arizona,04-11-2023,Toys,509,5,,,,,
402,13,656,San Diego,California,1/13/2023,Toys,139,8,,,,,
662,11,657,San Jose,California,7/13/2023,Clothing,181,1,,,,,
433,19,658,Chicago,Illinois,7/21/2023,Furniture,265,7,,,,,
123,8,660,Houston,Texas,1/15/2023,Furniture,373,3,,,,,
200,1,662,Dallas,Texas,2/18/2023,Books,276,2,,,,,
210,17,663,Chicago,Illinois,12-08-2023,Books,683,1,,,,,
58,15,664,Los Angeles,California,10/28/2023,Electronics,814,4,,,,,
227,11,665,Houston,Texas,04-09-2023,Books,304,7,,,,,
339,5,666,Los Angeles,California,09-10-2023,Furniture,757,9,,,,,
41,13,667,New York,New York,07-10-2023,Electronics,816,6,,,,,
443,10,668,San Antonio,Texas,10/15/2023,Books,329,4,,,,,
303,12,670,Chicago,Illinois,5/20/2023,Electronics,124,3,,,,,
328,17,672,New York,New York,1/28/2023,Clothing,524,2,,,,,
152,3,673,San Diego,California,04-09-2023,Clothing,219,7,,,,,
281,16,674,San Jose,California,10-09-2023,Electronics,690,7,,,,,
333,13,676,San Antonio,Texas,06-09-2023,Books,565,1,,,,,
46,10,677,Phoenix,Arizona,04-09-2023,Toys,210,9,,,,,
132,17,678,San Jose,California,9/21/2023,Toys,124,9,,,,,
549,13,679,Dallas,Texas,08-12-2023,Toys,776,8,,,,,
103,6,680,San Jose,California,2/23/2023,Electronics,246,4,,,,,
383,18,681,Philadelphia,Pennsylvania,03-03-2023,Toys,164,1,,,,,
126,4,682,San Jose,California,03-10-2023,Electronics,828,2,,,,,
496,4,683,Chicago,Illinois,05-09-2023,Toys,426,5,,,,,
299,8,685,New York,New York,12-06-2023,Electronics,542,7,,,,,
674,15,688,Los Angeles,California,7/26/2023,Toys,595,1,,,,,
533,7,690,New York,New York,9/14/2023,Clothing,312,5,,,,,
488,15,691,New York,New York,02-03-2023,Furniture,267,8,,,,,
443,19,692,Dallas,Texas,12/30/2023,Clothing,330,9,,,,,
287,6,693,Houston,Texas,08-02-2023,Clothing,227,10,,,,,
585,16,694,Houston,Texas,1/20/2023,Furniture,324,4,,,,,
187,13,696,Chicago,Illinois,08-04-2023,Clothing,564,5,,,,,
221,12,697,Phoenix,Arizona,08-02-2023,Electronics,486,6,,,,,
612,20,698,Los Angeles,California,5/24/2023,Books,339,4,,,,,
147,12,699,New York,New York,12-12-2023,Furniture,123,3,,,,,
618,9,700,Philadelphia,Pennsylvania,07-08-2023,Electronics,958,7,,,,,
664,4,701,San Jose,California,5/16/2023,Books,592,2,,,,,
284,15,702,Phoenix,Arizona,07-11-2023,Clothing,830,5,,,,,
676,19,703,Philadelphia,Pennsylvania,02-03-2023,Electronics,779,9,,,,,
469,12,704,Chicago,Illinois,9/16/2023,Toys,357,1,,,,,
21,1,705,New York,New York,11-09-2023,Clothing,526,10,,,,,
346,15,706,Philadelphia,Pennsylvania,10/16/2023,Clothing,850,1,,,,,
124,10,708,New York,New York,4/16/2023,Furniture,847,7,,,,,
532,8,709,Dallas,Texas,02-11-2023,Furniture,398,1,,,,,
343,20,710,San Diego,California,3/27/2023,Clothing,603,10,,,,,
55,14,711,Chicago,Illinois,6/29/2023,Toys,220,6,,,,,
303,4,712,Dallas,Texas,05-08-2023,Electronics,434,4,,,,,
246,3,713,Houston,Texas,4/26/2023,Clothing,984,3,,,,,
322,12,714,New York,New York,12/31/2023,Electronics,405,9,,,,,
155,9,715,Los Angeles,California,7/21/2023,Toys,129,5,,,,,
132,11,717,Los Angeles,California,01-07-2023,Furniture,300,9,,,,,
42,8,719,Dallas,Texas,10/21/2023,Toys,544,10,,,,,
426,7,720,Philadelphia,Pennsylvania,04-10-2023,Toys,375,9,,,,,
588,5,721,San Diego,California,8/17/2023,Toys,720,3,,,,,
477,20,722,Houston,Texas,06-11-2023,Toys,594,7,,,,,
103,2,723,San Diego,California,10-08-2023,Toys,236,9,,,,,
15,3,724,San Jose,California,07-03-2023,Books,636,3,,,,,
156,4,727,San Jose,California,02-02-2023,Books,504,1,,,,,
78,9,728,Los Angeles,California,11-04-2023,Electronics,227,7,,,,,
179,11,729,Chicago,Illinois,10/30/2023,Furniture,289,7,,,,,
54,14,730,San Diego,California,10/16/2023,Electronics,951,2,,,,,
471,8,731,San Antonio,Texas,04-06-2023,Toys,260,3,,,,,
406,19,733,San Diego,California,8/27/2023,Clothing,854,1,,,,,
165,17,738,Houston,Texas,11/17/2023,Furniture,371,3,,,,,
468,20,740,Chicago,Illinois,02-12-2023,Furniture,831,1,,,,,
492,4,741,Philadelphia,Pennsylvania,01-01-2023,Furniture,575,4,,,,,
339,15,743,Phoenix,Arizona,8/31/2023,Clothing,749,4,,,,,
416,19,744,San Jose,California,2/17/2023,Clothing,961,2,,,,,
350,20,745,Philadelphia,Pennsylvania,10/15/2023,Electronics,504,6,,,,,
466,14,746,Phoenix,Arizona,10-09-2023,Toys,819,3,,,,,
389,9,748,New York,New York,8/24/2023,Electronics,784,9,,,,,
608,10,750,Philadelphia,Pennsylvania,9/16/2023,Clothing,379,2,,,,,
147,14,751,New York,New York,6/22/2023,Clothing,242,4,,,,,
398,3,752,San Diego,California,06-07-2023,Toys,304,5,,,,,
582,2,753,Chicago,Illinois,1/14/2023,Toys,318,3,,,,,
446,11,754,New York,New York,10-10-2023,Furniture,486,4,,,,,
490,8,755,Dallas,Texas,9/28/2023,Clothing,306,8,,,,,
282,11,757,Chicago,Illinois,10-04-2023,Electronics,497,10,,,,,
486,13,759,Los Angeles,California,5/24/2023,Electronics,736,6,,,,,
570,16,760,Phoenix,Arizona,10-01-2023,Toys,743,4,,,,,
79,10,761,Dallas,Texas,07-07-2023,Toys,908,10,,,,,
601,13,762,San Jose,California,3/30/2023,Electronics,393,9,,,,,
595,3,763,New York,New York,01-08-2023,Clothing,453,7,,,,,
127,13,764,Houston,Texas,4/25/2023,Books,115,4,,,,,
255,17,766,San Jose,California,09-03-2023,Clothing,552,8,,,,,
218,1,767,Dallas,Texas,03-07-2023,Toys,664,2,,,,,
419,1,768,New York,New York,12/23/2023,Clothing,410,7,,,,,
37,16,769,Dallas,Texas,11-06-2023,Electronics,932,10,,,,,
474,16,770,Philadelphia,Pennsylvania,5/27/2023,Furniture,523,2,,,,,
79,3,771,Phoenix,Arizona,7/27/2023,Furniture,613,2,,,,,
559,9,772,Phoenix,Arizona,05-04-2023,Books,537,9,,,,,
356,16,773,Chicago,Illinois,12-10-2023,Furniture,477,5,,,,,
577,8,776,Houston,Texas,6/25/2023,Electronics,624,5,,,,,
684,18,777,Los Angeles,California,10-04-2023,Furniture,591,5,,,,,
597,16,778,Dallas,Texas,10/25/2023,Electronics,817,3,,,,,
19,19,779,San Jose,California,01-01-2023,Furniture,991,7,,,,,
614,12,781,San Diego,California,6/26/2023,Electronics,870,9,,,,,
261,4,782,New York,New York,10/21/2023,Books,565,6,,,,,
441,14,783,Chicago,Illinois,11/24/2023,Furniture,720,8,,,,,
490,16,784,San Jose,California,05-06-2023,Clothing,780,4,,,,,
357,12,785,Dallas,Texas,2/23/2023,Toys,966,2,,,,,
269,19,787,San Antonio,Texas,9/20/2023,Toys,275,1,,,,,
265,13,788,Philadelphia,Pennsylvania,12-04-2023,Furniture,228,2,,,,,
477,4,789,Philadelphia,Pennsylvania,3/25/2023,Toys,960,8,,,,,
97,15,790,San Diego,California,1/13/2023,Electronics,466,4,,,,,
330,19,792,Los Angeles,California,05-07-2023,Toys,284,1,,,,,
222,14,793,San Jose,California,2/16/2023,Clothing,125,5,,,,,
250,1,794,Houston,Texas,09-07-2023,Electronics,530,2,,,,,
447,8,795,Dallas,Texas,9/18/2023,Furniture,103,10,,,,,
621,3,796,Dallas,Texas,3/22/2023,Toys,167,1,,,,,
448,3,797,Los Angeles,California,12/15/2023,Electronics,288,5,,,,,
504,4,800,San Antonio,Texas,2/23/2023,Furniture,844,5,,,,,
559,6,801,San Diego,California,11/14/2023,Electronics,101,3,,,,,
205,10,802,Los Angeles,California,5/24/2023,Electronics,265,5,,,,,
296,4,803,Los Angeles,California,4/15/2023,Electronics,176,10,,,,,
682,18,804,Philadelphia,Pennsylvania,09-01-2023,Clothing,687,6,,,,,
383,1,805,San Antonio,Texas,10-10-2023,Toys,461,10,,,,,
246,19,806,Houston,Texas,04-02-2023,Toys,236,2,,,,,
297,6,808,Phoenix,Arizona,5/24/2023,Electronics,444,1,,,,,
650,13,809,San Diego,California,9/13/2023,Clothing,845,10,,,,,
115,6,811,Philadelphia,Pennsylvania,07-08-2023,Books,727,7,,,,,
364,20,812,San Antonio,Texas,02-04-2023,Clothing,600,4,,,,,
206,11,813,San Antonio,Texas,6/14/2023,Toys,388,4,,,,,
243,6,814,New York,New York,8/17/2023,Toys,458,7,,,,,
588,13,815,Philadelphia,Pennsylvania,4/13/2023,Books,238,7,,,,,
213,15,816,San Antonio,Texas,8/13/2023,Toys,142,4,,,,,
302,6,817,Dallas,Texas,9/24/2023,Furniture,334,8,,,,,
435,20,818,Los Angeles,California,5/23/2023,Electronics,222,8,,,,,
591,13,819,San Jose,California,07-11-2023,Toys,414,5,,,,,
666,5,820,San Antonio,Texas,11/22/2023,Clothing,152,9,,,,,
165,7,821,San Diego,California,6/30/2023,Books,773,9,,,,,
542,1,822,Los Angeles,California,05-12-2023,Furniture,519,5,,,,,
235,15,823,Los Angeles,California,11/16/2023,Clothing,226,4,,,,,
589,14,824,San Diego,California,09-04-2023,Toys,247,3,,,,,
361,19,826,Houston,Texas,02-11-2023,Electronics,356,8,,,,,
38,18,827,San Jose,California,05-08-2023,Toys,267,8,,,,,
18,7,829,San Antonio,Texas,05-02-2023,Furniture,268,3,,,,,
245,14,830,San Jose,California,2/13/2023,Clothing,376,6,,,,,
132,8,834,New York,New York,06-02-2023,Furniture,165,7,,,,,
527,2,835,Houston,Texas,08-06-2023,Electronics,900,1,,,,,
156,1,836,Phoenix,Arizona,11-12-2023,Furniture,904,6,,,,,
601,4,837,San Antonio,Texas,9/17/2023,Electronics,949,10,,,,,
340,14,840,San Jose,California,04-05-2023,Electronics,880,2,,,,,
121,11,842,San Antonio,Texas,12/31/2023,Books,994,10,,,,,
23,18,843,Philadelphia,Pennsylvania,11-10-2023,Furniture,161,1,,,,,
619,19,844,Los Angeles,California,06-03-2023,Clothing,494,10,,,,,
659,18,846,Los Angeles,California,3/26/2023,Furniture,426,3,,,,,
204,3,847,San Antonio,Texas,07-01-2023,Furniture,293,7,,,,,
525,18,848,Philadelphia,Pennsylvania,11/15/2023,Toys,353,2,,,,,
73,5,850,New York,New York,3/27/2023,Books,413,1,,,,,
359,13,851,Houston,Texas,07-06-2023,Toys,970,7,,,,,
566,3,854,San Diego,California,4/14/2023,Electronics,228,8,,,,,
234,14,855,San Jose,California,04-04-2023,Electronics,697,9,,,,,
521,17,857,Houston,Texas,9/28/2023,Furniture,378,10,,,,,
300,14,858,San Jose,California,09-09-2023,Books,199,9,,,,,
203,1,859,Houston,Texas,06-02-2023,Clothing,365,8,,,,,
410,4,860,Los Angeles,California,04-11-2023,Furniture,814,9,,,,,
27,5,864,Phoenix,Arizona,08-10-2023,Toys,948,7,,,,,
211,7,867,San Diego,California,3/16/2023,Books,672,10,,,,,
515,18,870,Chicago,Illinois,06-05-2023,Books,701,3,,,,,
621,9,872,San Antonio,Texas,07-09-2023,Toys,851,6,,,,,
466,13,876,New York,New York,2/15/2023,Toys,783,9,,,,,
374,4,878,Dallas,Texas,6/19/2023,Furniture,513,10,,,,,
187,18,879,Dallas,Texas,11-12-2023,Books,583,8,,,,,
249,4,880,Los Angeles,California,1/26/2023,Furniture,844,3,,,,,
198,16,881,Chicago,Illinois,03-07-2023,Furniture,801,3,,,,,
252,1,882,Houston,Texas,8/15/2023,Electronics,996,1,,,,,
490,16,884,San Antonio,Texas,2/21/2023,Clothing,940,9,,,,,
488,18,885,New York,New York,07-11-2023,Electronics,725,7,,,,,
44,11,886,Philadelphia,Pennsylvania,11/19/2023,Toys,449,2,,,,,
300,13,888,San Antonio,Texas,03-10-2023,Toys,818,7,,,,,
142,3,889,San Antonio,Texas,10-12-2023,Toys,834,7,,,,,
423,13,891,Chicago,Illinois,4/14/2023,Electronics,963,7,,,,,
571,17,892,Phoenix,Arizona,12-05-2023,Toys,344,2,,,,,
406,7,894,Houston,Texas,05-02-2023,Clothing,648,2,,,,,
336,5,895,Los Angeles,California,04-06-2023,Electronics,139,6,,,,,
653,16,896,Dallas,Texas,06-11-2023,Electronics,637,9,,,,,
435,14,897,Los Angeles,California,1/21/2023,Books,527,7,,,,,
148,16,898,San Jose,California,5/28/2023,Electronics,651,1,,,,,
151,20,899,San Diego,California,10/31/2023,Toys,918,4,,,,,
622,13,900,San Antonio,Texas,12/21/2023,Toys,462,7,,,,,
198,17,901,San Diego,California,12-07-2023,Books,128,3,,,,,
466,17,903,Houston,Texas,01-06-2023,Furniture,634,9,,,,,
685,20,904,Dallas,Texas,04-01-2023,Electronics,308,9,,,,,
127,14,905,New York,New York,10-11-2023,Furniture,650,5,,,,,
482,16,906,San Antonio,Texas,10-12-2023,Electronics,562,9,,,,,
212,15,907,Los Angeles,California,7/21/2023,Electronics,593,5,,,,,
430,6,908,San Diego,California,12/24/2023,Toys,581,3,,,,,
581,16,910,Chicago,Illinois,12-08-2023,Toys,921,10,,,,,
589,12,911,San Jose,California,2/21/2023,Clothing,583,4,,,,,
238,3,912,San Jose,California,09-10-2023,Toys,665,8,,,,,
154,18,913,San Antonio,Texas,04-05-2023,Electronics,246,3,,,,,
458,16,915,San Diego,California,7/13/2023,Toys,425,5,,,,,
521,19,916,Houston,Texas,3/27/2023,Books,473,5,,,,,
672,17,917,San Jose,California,9/25/2023,Books,809,2,,,,,
531,6,918,Los Angeles,California,08-08-2023,Electronics,834,6,,,,,
175,13,919,Houston,Texas,11/22/2023,Furniture,236,6,,,,,
241,11,921,San Diego,California,2/20/2023,Furniture,227,6,,,,,
18,15,922,Chicago,Illinois,02-07-2023,Toys,212,1,,,,,
572,15,924,Houston,Texas,07-06-2023,Books,909,3,,,,,
164,5,925,New York,New York,05-06-2023,Electronics,909,9,,,,,
184,5,926,Chicago,Illinois,01-05-2023,Clothing,184,4,,,,,
646,17,927,Phoenix,Arizona,12/14/2023,Toys,862,8,,,,,
251,15,929,Chicago,Illinois,5/31/2023,Clothing,206,4,,,,,
677,9,930,Phoenix,Arizona,1/17/2023,Electronics,332,2,,,,,
96,20,931,Houston,Texas,8/18/2023,Toys,444,7,,,,,
501,20,933,Philadelphia,Pennsylvania,5/13/2023,Electronics,494,8,,,,,
452,9,934,Houston,Texas,05-11-2023,Books,830,2,,,,,
576,9,935,San Jose,California,3/31/2023,Electronics,675,6,,,,,
28,1,936,San Antonio,Texas,1/15/2023,Furniture,404,1,,,,,
663,3,937,San Antonio,Texas,04-09-2023,Clothing,234,10,,,,,
100,8,938,San Diego,California,4/24/2023,Clothing,434,3,,,,,
95,20,939,San Diego,California,01-08-2023,Clothing,660,2,,,,,
277,6,940,Dallas,Texas,2/16/2023,Clothing,320,6,,,,,
161,12,941,Dallas,Texas,03-02-2023,Clothing,945,1,,,,,
640,9,942,San Diego,California,11-02-2023,Clothing,117,4,,,,,
124,20,943,San Diego,California,4/29/2023,Electronics,801,10,,,,,
134,8,944,San Antonio,Texas,12-12-2023,Electronics,972,5,,,,,
635,2,946,Chicago,Illinois,8/13/2023,Electronics,488,3,,,,,
270,12,947,Los Angeles,California,11/17/2023,Toys,190,2,,,,,
564,6,948,Houston,Texas,11-07-2023,Toys,223,9,,,,,
86,6,951,Los Angeles,California,08-01-2023,Toys,112,7,,,,,
500,10,953,New York,New York,04-05-2023,Electronics,372,10,,,,,
530,4,954,Houston,Texas,2/27/2023,Furniture,266,8,,,,,
634,10,955,Dallas,Texas,9/30/2023,Clothing,556,6,,,,,
15,16,956,San Diego,California,09-09-2023,Clothing,575,9,,,,,
462,5,957,Philadelphia,Pennsylvania,5/27/2023,Toys,638,8,,,,,
133,5,958,Houston,Texas,04-09-2023,Electronics,553,7,,,,,
397,9,961,San Jose,California,10/30/2023,Books,608,3,,,,,
491,3,962,San Diego,California,08-03-2023,Books,221,5,,,,,
538,20,963,San Diego,California,07-05-2023,Toys,976,3,,,,,
685,18,964,Los Angeles,California,5/27/2023,Clothing,658,9,,,,,
134,14,965,Los Angeles,California,7/31/2023,Toys,787,10,,,,,
303,5,966,Chicago,Illinois,9/29/2023,Books,311,9,,,,,
631,11,968,Philadelphia,Pennsylvania,5/22/2023,Electronics,598,10,,,,,
303,4,969,San Antonio,Texas,06-01-2023,Toys,246,5,,,,,
612,10,970,New York,New York,3/23/2023,Toys,247,4,,,,,
570,7,971,Chicago,Illinois,09-09-2023,Electronics,433,5,,,,,
51,13,973,San Antonio,Texas,04-07-2023,Toys,268,8,,,,,
271,10,975,Dallas,Texas,03-06-2023,Electronics,561,10,,,,,
298,13,976,San Antonio,Texas,05-02-2023,Books,870,5,,,,,
611,12,978,Houston,Texas,09-04-2023,Electronics,687,5,,,,,
99,13,979,New York,New York,11/23/2023,Furniture,344,8,,,,,
486,14,982,Dallas,Texas,6/28/2023,Toys,142,5,,,,,
64,3,984,Los Angeles,California,10-04-2023,Furniture,377,4,,,,,
356,6,985,Chicago,Illinois,4/23/2023,Toys,604,10,,,,,
577,1,986,Philadelphia,Pennsylvania,10/13/2023,Toys,296,6,,,,,
84,3,987,Phoenix,Arizona,2/23/2023,Electronics,412,1,,,,,
175,17,989,Phoenix,Arizona,4/18/2023,Furniture,712,4,,,,,
685,16,991,Dallas,Texas,2/20/2023,Toys,379,2,,,,,
184,15,993,Los Angeles,California,2/23/2023,Books,126,5,,,,,
268,9,995,Houston,Texas,07-02-2023,Electronics,533,5,,,,,
593,11,996,Phoenix,Arizona,05-06-2023,Electronics,342,7,,,,,
417,6,997,Houston,Texas,2/27/2023,Books,174,2,,,,,
685,10,998,Dallas,Texas,07-02-2023,Electronics,868,8,,,,,
628,4,999,Houston,Texas,10/22/2023,Toys,219,9,,,,,
299,17,1000,Philadelphia,Pennsylvania,02-05-2023,Furniture,136,10,,,,,
680,2,1001,Philadelphia,Pennsylvania,07-03-2023,Books,750,3,,,,,
107,2,1002,New York,New York,02-08-2023,Toys,375,4,,,,,
270,3,1003,Houston,Texas,09-08-2023,Toys,691,6,,,,,
75,5,1004,Philadelphia,Pennsylvania,03-04-2023,Clothing,172,7,,,,,
436,10,1005,San Jose,California,6/19/2023,Electronics,965,4,,,,,
133,17,1007,San Jose,California,12-08-2023,Electronics,611,6,,,,,
388,9,1008,New York,New York,2/22/2023,Clothing,796,4,,,,,
418,10,1009,Chicago,Illinois,4/22/2023,Electronics,378,6,,,,,
567,12,1010,Los Angeles,California,3/24/2023,Toys,917,6,,,,,
539,3,1011,Phoenix,Arizona,7/15/2023,Furniture,253,5,,,,,
659,19,1013,Chicago,Illinois,3/19/2023,Electronics,603,1,,,,,
581,10,1014,Phoenix,Arizona,02-08-2023,Toys,173,1,,,,,
284,15,1016,Dallas,Texas,12/26/2023,Books,183,9,,,,,
124,1,1017,Phoenix,Arizona,10/30/2023,Clothing,624,5,,,,,
33,4,1018,San Antonio,Texas,01-04-2023,Clothing,311,2,,,,,
291,2,1019,San Jose,California,1/29/2023,Electronics,769,8,,,,,
494,16,1020,San Jose,California,04-09-2023,Furniture,529,4,,,,,
606,8,1021,Chicago,Illinois,06-04-2023,Toys,155,3,,,,,
540,19,1022,San Antonio,Texas,3/17/2023,Furniture,879,10,,,,,
564,18,1023,Los Angeles,California,03-01-2023,Clothing,124,5,,,,,
218,5,1024,Phoenix,Arizona,5/28/2023,Clothing,316,10,,,,,
115,6,1025,San Diego,California,10/31/2023,Toys,107,6,,,,,
172,12,1027,Dallas,Texas,9/16/2023,Furniture,647,7,,,,,
97,6,1029,Dallas,Texas,06-01-2023,Toys,254,10,,,,,
399,6,1030,Houston,Texas,10/19/2023,Books,808,2,,,,,
56,14,1031,Phoenix,Arizona,12/23/2023,Toys,837,2,,,,,
142,16,1033,Houston,Texas,4/29/2023,Electronics,457,8,,,,,
86,5,1034,Phoenix,Arizona,1/14/2023,Electronics,389,10,,,,,
58,5,1035,Philadelphia,Pennsylvania,4/15/2023,Clothing,981,9,,,,,
465,16,1036,Houston,Texas,9/25/2023,Toys,152,6,,,,,
132,14,1037,San Antonio,Texas,10/21/2023,Books,401,10,,,,,
521,6,1038,Los Angeles,California,10-04-2023,Electronics,237,3,,,,,
614,19,1039,Philadelphia,Pennsylvania,3/22/2023,Clothing,629,5,,,,,
183,5,1040,San Jose,California,01-05-2023,Toys,300,3,,,,,
472,3,1041,Philadelphia,Pennsylvania,6/26/2023,Toys,762,7,,,,,
349,4,1043,Los Angeles,California,4/16/2023,Toys,978,9,,,,,
209,5,1044,Philadelphia,Pennsylvania,12-03-2023,Toys,517,4,,,,,
446,5,1046,Phoenix,Arizona,11-02-2023,Electronics,927,9,,,,,
503,7,1047,Houston,Texas,09-10-2023,Furniture,644,3,,,,,
584,9,1048,Dallas,Texas,01-01-2023,Toys,974,6,,,,,
491,5,1049,Houston,Texas,12/21/2023,Clothing,515,7,,,,,
181,7,1050,Los Angeles,California,7/27/2023,Clothing,181,4,,,,,
412,6,1051,Dallas,Texas,8/21/2023,Toys,872,5,,,,,
348,15,1052,San Diego,California,06-09-2023,Furniture,241,5,,,,,
344,14,1053,Dallas,Texas,11/27/2023,Electronics,168,10,,,,,
585,14,1057,San Antonio,Texas,5/25/2023,Toys,730,2,,,,,
106,18,1058,Phoenix,Arizona,2/22/2023,Furniture,994,8,,,,,
400,13,1059,Phoenix,Arizona,9/14/2023,Clothing,741,7,,,,,
610,4,1060,Dallas,Texas,7/15/2023,Furniture,992,5,,,,,
28,13,1061,Dallas,Texas,11/14/2023,Clothing,904,4,,,,,
214,9,1062,New York,New York,12/15/2023,Electronics,806,7,,,,,
450,18,1063,Los Angeles,California,5/16/2023,Toys,706,9,,,,,
535,17,1065,Houston,Texas,06-07-2023,Clothing,958,10,,,,,
616,13,1066,San Diego,California,06-10-2023,Furniture,691,5,,,,,
661,15,1067,San Antonio,Texas,8/26/2023,Toys,218,7,,,,,
175,17,1068,Philadelphia,Pennsylvania,11/26/2023,Toys,843,5,,,,,
233,13,1069,San Diego,California,6/23/2023,Electronics,688,1,,,,,
112,4,1070,Los Angeles,California,11-08-2023,Toys,483,5,,,,,
464,9,1071,Phoenix,Arizona,07-05-2023,Electronics,309,1,,,,,
463,15,1073,San Antonio,Texas,5/21/2023,Furniture,347,3,,,,,
451,19,1075,San Diego,California,11-11-2023,Electronics,714,2,,,,,
286,11,1077,San Diego,California,10/13/2023,Furniture,328,5,,,,,
144,8,1079,Philadelphia,Pennsylvania,05-03-2023,Furniture,599,6,,,,,
97,5,1080,Dallas,Texas,01-05-2023,Toys,632,1,,,,,
536,6,1081,San Jose,California,10-07-2023,Books,233,4,,,,,
431,14,1082,San Diego,California,2/19/2023,Toys,224,7,,,,,
234,15,1084,Philadelphia,Pennsylvania,2/16/2023,Electronics,608,5,,,,,
150,11,1085,San Jose,California,09-06-2023,Toys,907,2,,,,,
536,19,1088,Philadelphia,Pennsylvania,2/13/2023,Toys,696,9,,,,,
519,15,1089,San Antonio,Texas,6/21/2023,Books,796,9,,,,,
40,1,1090,New York,New York,4/30/2023,Furniture,719,3,,,,,
390,13,1091,Philadelphia,Pennsylvania,10/28/2023,Books,302,3,,,,,
469,4,1092,New York,New York,2/24/2023,Toys,708,7,,,,,
127,3,1093,New York,New York,02-02-2023,Electronics,963,10,,,,,
582,7,1094,San Diego,California,12/23/2023,Toys,934,10,,,,,
192,8,1095,Phoenix,Arizona,12/25/2023,Furniture,456,4,,,,,
306,15,1097,Chicago,Illinois,7/17/2023,Clothing,700,6,,,,,
199,16,1098,Chicago,Illinois,7/17/2023,Furniture,896,3,,,,,
2,2,1101,Chicago,Illinois,06-01-2023,Toys,501,10,,,,,
420,6,1102,Chicago,Illinois,10-02-2023,Toys,586,7,,,,,
321,10,1103,San Antonio,Texas,11/13/2023,Toys,389,1,,,,,
55,17,1104,Dallas,Texas,11-04-2023,Electronics,962,1,,,,,
52,17,1105,San Diego,California,8/17/2023,Furniture,196,2,,,,,
204,2,1106,San Antonio,Texas,02-04-2023,Furniture,841,4,,,,,
117,6,1108,San Diego,California,12-07-2023,Books,646,8,,,,,
642,18,1109,Dallas,Texas,8/15/2023,Clothing,118,4,,,,,
20,14,1110,San Diego,California,12-11-2023,Books,565,7,,,,,
382,15,1113,Houston,Texas,1/25/2023,Books,623,9,,,,,
308,5,1114,Philadelphia,Pennsylvania,06-06-2023,Toys,434,10,,,,,
633,2,1115,New York,New York,09-11-2023,Books,318,8,,,,,
597,14,1116,Los Angeles,California,2/15/2023,Electronics,461,5,,,,,
418,2,1118,Dallas,Texas,02-08-2023,Electronics,851,1,,,,,
140,1,1119,Chicago,Illinois,3/15/2023,Furniture,113,4,,,,,
444,4,1122,Dallas,Texas,04-06-2023,Clothing,185,1,,,,,
52,9,1123,Houston,Texas,3/31/2023,Clothing,832,3,,,,,
152,16,1124,Philadelphia,Pennsylvania,1/28/2023,Electronics,795,6,,,,,
209,11,1125,Phoenix,Arizona,5/30/2023,Books,732,3,,,,,
392,12,1128,Chicago,Illinois,09-09-2023,Electronics,472,10,,,,,
421,13,1130,New York,New York,7/31/2023,Toys,862,2,,,,,
385,17,1131,Houston,Texas,08-12-2023,Furniture,950,1,,,,,
656,20,1132,New York,New York,5/24/2023,Books,103,10,,,,,
311,14,1133,Dallas,Texas,6/26/2023,Furniture,910,1,,,,,
192,4,1134,New York,New York,9/16/2023,Books,762,7,,,,,
89,19,1135,San Diego,California,6/29/2023,Toys,823,5,,,,,
126,12,1136,Houston,Texas,01-07-2023,Electronics,527,3,,,,,
92,10,1137,Philadelphia,Pennsylvania,10/26/2023,Clothing,832,4,,,,,
417,20,1138,Phoenix,Arizona,7/20/2023,Toys,153,8,,,,,
510,10,1139,Phoenix,Arizona,05-11-2023,Clothing,584,8,,,,,
297,4,1142,New York,New York,10/17/2023,Toys,957,8,,,,,
301,20,1144,San Antonio,Texas,3/13/2023,Toys,575,3,,,,,
376,9,1145,Los Angeles,California,6/22/2023,Clothing,515,1,,,,,
394,16,1146,San Antonio,Texas,10/31/2023,Electronics,463,9,,,,,
138,12,1148,San Jose,California,07-09-2023,Books,440,9,,,,,
227,19,1149,Chicago,Illinois,1/22/2023,Toys,738,2,,,,,
308,20,1150,San Antonio,Texas,08-05-2023,Electronics,120,3,,,,,
525,5,1151,San Jose,California,11/13/2023,Toys,487,2,,,,,
53,17,1152,Chicago,Illinois,10/19/2023,Electronics,953,6,,,,,
186,12,1153,Phoenix,Arizona,3/14/2023,Toys,616,10,,,,,
74,13,1154,San Jose,California,10/16/2023,Electronics,763,5,,,,,
161,13,1155,Houston,Texas,6/23/2023,Toys,372,6,,,,,
331,5,1156,Houston,Texas,02-12-2023,Electronics,577,7,,,,,
485,18,1157,San Jose,California,4/26/2023,Furniture,353,6,,,,,
396,4,1159,San Diego,California,8/29/2023,Toys,730,1,,,,,
393,7,1164,Los Angeles,California,08-01-2023,Toys,556,3,,,,,
401,6,1165,Houston,Texas,02-06-2023,Books,215,6,,,,,
241,14,1166,Dallas,Texas,5/27/2023,Toys,687,9,,,,,
11,20,1167,Dallas,Texas,8/21/2023,Electronics,440,5,,,,,
342,12,1169,San Antonio,Texas,11/26/2023,Clothing,196,2,,,,,
5,4,1171,Philadelphia,Pennsylvania,12-12-2023,Toys,336,1,,,,,
579,11,1173,San Diego,California,11/27/2023,Toys,987,6,,,,,
106,18,1174,Philadelphia,Pennsylvania,1/13/2023,Furniture,209,7,,,,,
563,11,1176,New York,New York,12/16/2023,Electronics,260,9,,,,,
242,13,1177,Los Angeles,California,12/27/2023,Toys,818,1,,,,,
596,4,1178,New York,New York,9/25/2023,Furniture,180,5,,,,,
205,20,1179,Philadelphia,Pennsylvania,12-12-2023,Furniture,618,7,,,,,
424,3,1180,Dallas,Texas,8/13/2023,Electronics,160,7,,,,,
17,6,1184,San Jose,California,11/13/2023,Furniture,800,2,,,,,
406,8,1186,San Diego,California,04-05-2023,Toys,109,9,,,,,
53,1,1187,San Diego,California,8/30/2023,Clothing,396,6,,,,,
670,16,1188,San Jose,California,02-08-2023,Electronics,663,4,,,,,
295,19,1190,Dallas,Texas,09-12-2023,Toys,893,4,,,,,
156,14,1191,Phoenix,Arizona,4/30/2023,Furniture,874,7,,,,,
622,7,1192,Phoenix,Arizona,09-10-2023,Clothing,394,4,,,,,
86,11,1193,Houston,Texas,12/30/2023,Toys,392,5,,,,,
458,19,1194,Chicago,Illinois,06-12-2023,Toys,905,10,,,,,
655,3,1195,Phoenix,Arizona,04-06-2023,Toys,619,1,,,,,
34,11,1196,San Jose,California,9/16/2023,Toys,179,10,,,,,
349,16,1197,New York,New York,6/16/2023,Toys,646,7,,,,,
9,19,1198,San Antonio,Texas,1/14/2023,Furniture,330,10,,,,,
555,7,1200,Houston,Texas,01-09-2023,Clothing,654,9,,,,,
335,19,1201,Philadelphia,Pennsylvania,8/19/2023,Furniture,638,1,,,,,
354,3,1203,Los Angeles,California,09-10-2023,Furniture,580,10,,,,,
628,5,1204,Chicago,Illinois,4/24/2023,Electronics,649,5,,,,,
432,17,1205,Houston,Texas,12-06-2023,Clothing,734,9,,,,,
416,19,1206,Philadelphia,Pennsylvania,8/25/2023,Electronics,729,2,,,,,
190,5,1208,Chicago,Illinois,1/19/2023,Toys,920,8,,,,,
90,19,1209,San Antonio,Texas,06-03-2023,Furniture,223,8,,,,,
134,5,1210,Dallas,Texas,11/19/2023,Clothing,769,5,,,,,
259,4,1211,New York,New York,3/16/2023,Furniture,196,10,,,,,
531,14,1213,San Antonio,Texas,2/13/2023,Furniture,491,2,,,,,
255,10,1214,New York,New York,2/27/2023,Books,271,9,,,,,
661,17,1215,San Jose,California,8/21/2023,Toys,811,9,,,,,
94,12,1216,San Diego,California,05-01-2023,Toys,682,1,,,,,
234,1,1218,San Jose,California,09-06-2023,Toys,382,10,,,,,
399,4,1219,Dallas,Texas,6/16/2023,Electronics,342,8,,,,,
657,2,1221,San Antonio,Texas,12/21/2023,Books,426,7,,,,,
597,16,1222,Dallas,Texas,12/31/2023,Toys,736,1,,,,,
123,17,1223,San Antonio,Texas,3/17/2023,Toys,131,2,,,,,
123,10,1224,New York,New York,07-06-2023,Electronics,803,8,,,,,
639,14,1226,Phoenix,Arizona,12/13/2023,Toys,490,4,,,,,
512,16,1227,San Antonio,Texas,08-03-2023,Toys,179,8,,,,,
500,9,1228,San Diego,California,8/25/2023,Electronics,392,7,,,,,
420,15,1230,Chicago,Illinois,01-12-2023,Books,626,3,,,,,
608,16,1232,Dallas,Texas,01-05-2023,Electronics,708,8,,,,,
304,4,1233,Dallas,Texas,4/13/2023,Toys,129,3,,,,,
532,17,1234,San Diego,California,05-10-2023,Furniture,551,6,,,,,
628,5,1235,Houston,Texas,2/18/2023,Furniture,975,5,,,,,
44,20,1236,Dallas,Texas,5/24/2023,Clothing,122,6,,,,,
430,16,1237,Dallas,Texas,10-07-2023,Furniture,365,3,,,,,
129,13,1239,San Jose,California,3/19/2023,Toys,245,7,,,,,
13,4,1242,San Jose,California,6/29/2023,Clothing,454,5,,,,,
593,5,1245,New York,New York,1/22/2023,Clothing,406,9,,,,,
69,4,1246,Los Angeles,California,9/15/2023,Electronics,936,8,,,,,
601,12,1247,Chicago,Illinois,9/29/2023,Books,708,3,,,,,
449,8,1248,Philadelphia,Pennsylvania,10/29/2023,Electronics,156,3,,,,,
128,9,1250,Houston,Texas,7/25/2023,Toys,604,1,,,,,
429,20,1251,Houston,Texas,5/31/2023,Books,396,8,,,,,
13,4,1252,Philadelphia,Pennsylvania,06-09-2023,Electronics,344,3,,,,,
586,8,1253,Houston,Texas,7/26/2023,Toys,997,5,,,,,
105,3,1254,San Jose,California,9/19/2023,Books,578,5,,,,,
238,2,1255,Houston,Texas,2/22/2023,Books,751,4,,,,,
